,date,price,bedrooms,bathrooms,sqft_living,sqft_lot,floors,waterfront,view,condition,grade,sqft_above,sqft_basement,lat,long,age
0,20141013,221900.0,3,1.0,1180,5650,1.0,0,0,3,7,1180,0,47.5112,-122.257,59
1,20141209,538000.0,3,2.25,2570,7242,2.0,0,0,3,7,2170,400,47.721000000000004,-122.319,23
2,20150225,180000.0,2,1.0,770,10000,1.0,0,0,3,6,770,0,47.7379,-122.23299999999999,82
3,20141209,604000.0,4,3.0,1960,5000,1.0,0,0,5,7,1050,910,47.5208,-122.39299999999999,49
4,20150218,510000.0,3,2.0,1680,8080,1.0,0,0,3,8,1680,0,47.6168,-122.045,28
5,20140512,1225000.0,4,4.5,5420,101930,1.0,0,0,3,11,3890,1530,47.6561,-122.005,13
6,20140627,257500.0,3,2.25,1715,6819,2.0,0,0,3,7,1715,0,47.3097,-122.32700000000001,19
7,20150115,291850.0,3,1.5,1060,9711,1.0,0,0,3,7,1060,0,47.4095,-122.315,52
8,20150415,229500.0,3,1.0,1780,7470,1.0,0,0,3,7,1050,730,47.5123,-122.337,55
9,20150312,323000.0,3,2.5,1890,6560,2.0,0,0,3,7,1890,0,47.3684,-122.031,12
10,20150403,662500.0,3,2.5,3560,9796,1.0,0,0,3,8,1860,1700,47.6007,-122.145,50
11,20140527,468000.0,2,1.0,1160,6000,1.0,0,0,4,7,860,300,47.69,-122.292,72
12,20140528,310000.0,3,1.0,1430,19901,1.5,0,0,4,7,1430,0,47.7558,-122.229,87
13,20141007,400000.0,3,1.75,1370,9680,1.0,0,0,4,7,1370,0,47.6127,-122.045,37
14,20150312,530000.0,5,2.0,1810,4850,1.5,0,0,3,7,1810,0,47.67,-122.39399999999999,115
15,20150124,650000.0,4,3.0,2950,5000,2.0,0,3,3,9,1980,970,47.5714,-122.375,36
16,20140731,395000.0,3,2.0,1890,14040,2.0,0,0,3,7,1890,0,47.7277,-121.962,20
17,20140529,485000.0,4,1.0,1600,4300,1.5,0,0,4,7,1600,0,47.6648,-122.34299999999999,98
18,20141205,189000.0,2,1.0,1200,9850,1.0,0,0,4,7,1200,0,47.3089,-122.21,93
19,20150424,230000.0,3,1.0,1250,9774,1.0,0,0,4,7,1250,0,47.3343,-122.306,46
20,20140514,385000.0,4,1.75,1620,4980,1.0,0,0,4,7,860,760,47.7025,-122.34100000000001,67
21,20140826,2000000.0,3,2.75,3050,44867,1.0,0,4,3,9,2330,720,47.5316,-122.23299999999999,46
22,20140703,285000.0,5,2.5,2270,6300,2.0,0,0,3,8,2270,0,47.3266,-122.169,19
23,20140516,252700.0,2,1.5,1070,9643,1.0,0,0,3,7,1070,0,47.3533,-122.166,29
24,20141120,329000.0,3,2.25,2450,6500,2.0,0,0,4,8,2450,0,47.3739,-122.17200000000001,29
25,20141103,233000.0,3,2.0,1710,4697,1.5,0,0,5,6,1710,0,47.3048,-122.21799999999999,73
26,20140626,937000.0,3,1.75,2450,2691,2.0,0,0,3,8,1750,700,47.6386,-122.36,99
27,20141201,667000.0,3,1.0,1400,1581,1.5,0,0,5,8,1400,0,47.6221,-122.314,105
28,20140624,438000.0,3,1.75,1520,6380,1.0,0,0,3,7,790,730,47.695,-122.304,66
29,20150302,719000.0,4,2.5,2570,7173,2.0,0,0,3,8,2570,0,47.7073,-122.11,10
30,20141110,580500.0,3,2.5,2320,3980,2.0,0,0,3,8,2320,0,47.5391,-122.07,11
31,20141201,280000.0,2,1.5,1190,1265,3.0,0,0,3,7,1190,0,47.7274,-122.35700000000001,9
32,20140624,687500.0,4,1.75,2330,5000,1.5,0,0,4,7,1510,820,47.6823,-122.368,85
33,20141110,535000.0,3,1.0,1090,3000,1.5,0,0,4,8,1090,0,47.6889,-122.375,85
34,20141203,322500.0,4,2.75,2060,6659,1.0,0,0,3,7,1280,780,47.4276,-122.15700000000001,33
35,20140613,696000.0,3,2.5,2300,3060,1.5,0,0,3,8,1510,790,47.6827,-122.31,12
36,20140528,550000.0,4,1.0,1660,34848,1.0,0,0,1,5,930,730,47.6621,-122.132,81
37,20141230,640000.0,4,2.0,2360,6000,2.0,0,0,4,8,2360,0,47.6702,-122.36200000000001,110
38,20150213,240000.0,4,1.0,1220,8075,1.0,0,0,2,7,890,330,47.3341,-122.28200000000001,46
39,20140620,605000.0,4,2.5,2620,7553,2.0,0,0,3,8,2620,0,47.5301,-122.18,18
40,20140715,625000.0,4,2.5,2570,5520,2.0,0,0,3,9,2570,0,47.6145,-122.027,14
41,20140811,775000.0,4,2.25,4220,24186,1.0,0,0,3,8,2600,1620,47.445,-122.34700000000001,30
42,20140707,861990.0,5,2.75,3595,5639,2.0,0,0,3,9,3595,0,47.6848,-122.016,0
43,20141028,685000.0,3,1.0,1570,2280,2.0,0,0,3,7,1570,0,47.6413,-122.36399999999999,92
44,20140729,309000.0,3,1.0,1280,9656,1.0,0,0,4,6,920,360,47.4485,-122.175,55
45,20140718,488000.0,3,2.5,3160,13603,2.0,0,0,3,8,3160,0,47.7443,-121.977,11
46,20150325,210490.0,3,1.0,990,8528,1.0,0,0,3,6,990,0,47.3066,-122.37100000000001,49
47,20140716,785000.0,4,2.5,2290,13416,2.0,0,0,4,9,2290,0,47.6194,-122.15100000000001,33
48,20150428,450000.0,3,1.75,1250,5963,1.0,0,0,4,7,1250,0,47.6796,-122.301,62
49,20150311,1350000.0,3,2.5,2753,65005,1.0,1,2,5,9,2165,588,47.4041,-122.45100000000001,62
50,20140916,228000.0,3,1.0,1190,9199,1.0,0,0,3,7,1190,0,47.4258,-122.322,59
51,20150217,345000.0,5,2.5,3150,9134,1.0,0,0,4,8,1640,1510,47.4934,-122.189,49
52,20141231,600000.0,3,1.75,1410,4080,1.0,0,0,4,7,1000,410,47.6808,-122.384,64
53,20150205,585000.0,2,1.75,1980,8550,1.0,0,0,3,7,990,990,47.6989,-122.369,34
54,20150303,920000.0,5,2.25,2730,6000,1.5,0,0,3,8,2130,600,47.6571,-122.281,88
55,20140512,885000.0,4,2.5,2830,5000,2.0,0,0,3,9,2830,0,47.6597,-122.29,19
56,20140819,292500.0,4,2.5,2250,4495,2.0,0,0,3,7,2250,0,47.3663,-122.11399999999999,6
57,20150407,301000.0,3,2.5,2420,4750,2.0,0,0,3,8,2420,0,47.3663,-122.12200000000001,12
58,20140827,951000.0,5,3.25,3250,14342,2.0,0,4,4,8,3250,0,47.588,-122.116,46
59,20150223,430000.0,4,3.0,1850,9976,2.0,0,0,3,8,1850,0,47.5059,-122.149,24
60,20141210,650000.0,3,2.25,2150,21235,1.0,0,3,4,8,1590,560,47.4336,-122.339,55
61,20140828,289000.0,3,1.75,1260,8400,1.0,0,0,3,7,1260,0,47.4366,-122.335,60
62,20141021,505000.0,3,1.75,2519,8690,2.0,0,0,5,8,2519,0,47.4428,-122.344,41
63,20141207,549000.0,3,1.75,1540,1044,3.0,0,0,3,8,1540,0,47.6765,-122.32,0
64,20140603,425000.0,3,2.25,1660,6000,1.0,0,0,3,7,1110,550,47.6113,-122.29700000000001,35
65,20141120,317625.0,3,2.75,2770,3809,1.5,0,0,5,7,1770,1000,47.5747,-122.304,89
66,20140909,975000.0,4,2.5,2720,11049,2.0,0,0,3,10,2720,0,47.5815,-122.19200000000001,25
67,20141009,287000.0,4,2.5,2240,4648,2.0,0,0,3,7,2240,0,47.3378,-122.257,9
68,20140825,204000.0,3,1.0,1000,12070,1.0,0,0,4,7,1000,0,47.3621,-122.11,46
69,20140612,1325000.0,5,2.25,3200,20158,1.0,0,0,3,8,1600,1600,47.6303,-122.215,49
70,20140912,1040000.0,5,3.25,4770,50094,1.0,0,0,4,11,3070,1700,47.6525,-122.16,41
71,20150105,325000.0,3,2.0,1260,5612,1.0,0,0,4,7,1260,0,47.7362,-122.179,43
72,20140610,571000.0,4,2.0,2750,7807,1.5,0,0,5,7,2250,500,47.7168,-122.287,98
73,20140710,360000.0,4,2.5,2380,5000,2.0,0,0,3,8,2380,0,47.3608,-122.036,9
74,20150316,349000.0,3,1.75,1790,50529,1.0,0,0,5,7,1090,700,47.3511,-122.073,50
75,20141105,832500.0,4,4.0,3430,35102,2.0,0,0,4,10,2390,1040,47.5822,-121.98700000000001,28
76,20141013,380000.0,4,1.75,1760,7300,1.0,0,0,3,7,880,880,47.6034,-122.125,58
77,20150420,480000.0,3,1.0,1040,5060,1.0,0,0,3,7,1040,0,47.5636,-122.39399999999999,74
78,20140609,410000.0,3,1.0,1410,5060,1.0,0,0,4,7,910,500,47.7073,-122.34,58
79,20150323,720000.0,4,2.5,3450,39683,2.0,0,0,3,10,3450,0,47.342,-122.025,13
80,20141202,390000.0,3,2.5,2350,5100,2.0,0,0,3,8,2350,0,47.3512,-122.008,11
81,20141222,360000.0,4,2.5,1900,5889,2.0,0,0,3,7,1900,0,47.349,-122.031,22
82,20141028,355000.0,2,1.0,2020,6720,1.0,0,0,3,7,1010,1010,47.5474,-122.291,66
83,20150128,356000.0,3,1.5,1680,8712,1.0,0,0,3,8,1680,0,47.4811,-122.149,51
84,20140602,315000.0,3,1.0,960,6634,1.0,0,0,3,6,960,0,47.7264,-122.31,62
85,20141114,940000.0,3,1.5,2140,3600,2.0,0,0,3,9,1900,240,47.6337,-122.365,89
86,20141103,305000.0,5,2.25,2660,8400,1.5,0,0,5,7,2660,0,47.2909,-122.189,53
87,20140618,461000.0,3,3.25,2770,6278,2.0,0,0,3,9,1980,790,47.5228,-122.199,8
88,20140519,215000.0,2,2.25,1610,2040,2.0,0,0,4,7,1610,0,47.518,-122.194,35
89,20140904,335000.0,2,1.75,1030,1066,2.0,0,0,3,7,765,265,47.5394,-122.387,8
90,20140522,243500.0,4,2.5,1980,7403,2.0,0,0,3,7,1980,0,47.2897,-122.37200000000001,26
91,20150311,1099880.0,5,2.75,3520,6353,2.0,0,0,4,10,3520,0,47.6506,-122.391,14
92,20150226,153000.0,3,1.0,1200,10500,1.0,0,0,3,7,1200,0,47.321999999999996,-122.351,53
93,20140725,430000.0,3,1.5,1580,5000,1.0,0,0,3,8,1290,290,47.687,-122.38600000000001,75
94,20141223,700000.0,3,1.5,1580,5000,1.0,0,0,3,8,1290,290,47.687,-122.38600000000001,75
95,20140908,905000.0,4,2.5,3300,10250,1.0,0,0,3,7,2390,910,47.5873,-122.249,23
96,20150330,247500.0,3,1.75,1960,15681,1.0,0,0,3,7,1960,0,47.3576,-122.277,48
97,20140912,199000.0,4,1.5,1160,6400,1.0,0,0,4,7,1160,0,47.3036,-122.37799999999999,39
98,20140711,314000.0,3,1.75,1810,41800,1.0,0,0,5,7,1210,600,47.4109,-121.958,34
99,20140516,437500.0,3,2.5,2320,36847,2.0,0,2,3,9,2320,0,47.4838,-121.714,22
100,20140611,850830.0,3,2.5,2070,13241,1.5,0,0,5,9,1270,800,47.6415,-122.315,104
101,20141027,555000.0,3,2.0,1980,3478,1.5,0,0,4,7,1440,540,47.6775,-122.37200000000001,85
102,20141212,699950.0,3,2.25,2190,107593,2.0,0,0,4,8,2190,0,47.7731,-122.08,31
103,20141007,1088000.0,3,2.5,2920,8113,2.0,0,0,3,8,2920,0,47.5814,-122.196,4
104,20140924,290000.0,3,1.0,1210,33919,1.0,0,0,3,7,1210,0,47.4375,-122.184,60
105,20150402,375000.0,3,2.5,2340,10005,1.0,0,0,4,8,1460,880,47.4431,-122.133,37
106,20140523,460000.0,3,1.0,1670,4005,1.5,0,0,4,7,1170,500,47.6878,-122.38,75
107,20140723,188500.0,2,1.75,1240,2493,1.0,0,0,4,8,1240,0,47.3813,-122.322,29
108,20150305,680000.0,4,2.5,3140,28037,2.0,0,0,4,10,3140,0,47.7304,-122.08200000000001,24
109,20140827,470000.0,5,1.75,2030,12342,2.0,0,0,4,7,2030,0,47.6417,-122.109,72
110,20140725,597750.0,4,2.5,2310,9624,2.0,0,0,3,8,2310,0,47.5386,-122.053,30
111,20150304,570000.0,3,1.75,1260,3328,1.0,0,0,5,6,700,560,47.6823,-122.34899999999999,110
112,20140916,272500.0,3,1.75,1540,12600,1.0,0,0,4,7,1160,380,47.3624,-122.031,34
113,20141124,329950.0,3,1.75,2080,5969,1.0,0,2,3,7,1080,1000,47.5474,-122.295,43
114,20141028,480000.0,4,2.5,3230,16171,2.0,0,3,3,9,2520,710,47.3183,-122.25299999999999,13
115,20141121,740500.0,3,3.5,4380,6350,2.0,0,0,3,8,2780,1600,47.6981,-122.368,15
116,20140626,518500.0,3,3.5,1590,1102,3.0,0,0,3,8,1590,0,47.6824,-122.34700000000001,4
117,20140623,205425.0,2,1.0,880,6780,1.0,0,0,4,6,880,0,47.5009,-122.24799999999999,69
118,20150108,171800.0,4,2.0,1570,9600,1.0,0,0,3,6,1570,0,47.4965,-122.303,65
119,20150511,535000.0,4,1.0,1610,2982,1.5,0,0,4,7,1610,0,47.586999999999996,-122.294,90
120,20150102,660000.0,3,2.5,2400,6474,1.0,0,2,3,8,1560,840,47.7728,-122.38600000000001,51
121,20141119,391500.0,3,2.0,1450,9132,1.0,0,0,3,7,1450,0,47.7288,-122.226,27
122,20150406,395000.0,2,1.0,770,6000,1.0,0,0,3,6,770,0,47.6999,-122.36399999999999,62
123,20141104,445000.0,4,1.75,2100,4400,1.5,0,0,5,7,1720,380,47.5299,-122.266,90
124,20140618,770000.0,3,2.25,2910,10204,2.0,0,0,3,9,2910,0,47.6897,-122.098,24
125,20150302,1450000.0,4,2.75,2750,17789,1.5,0,0,3,8,1980,770,47.6141,-122.212,23
126,20140717,445000.0,3,2.25,2100,8201,1.0,0,2,3,8,1620,480,47.5091,-122.244,47
127,20140717,260000.0,4,2.25,2160,8811,1.0,0,0,3,8,1360,800,47.3129,-122.39,36
128,20140613,822500.0,5,3.5,2320,4960,2.0,0,0,5,7,1720,600,47.6763,-122.352,88
129,20150406,430000.0,4,2.5,2070,4310,2.0,0,0,3,7,2070,0,47.5319,-121.85,11
130,20150105,212000.0,3,1.75,1060,7875,1.0,0,0,4,7,1060,0,47.2761,-122.152,29
131,20150428,660500.0,4,2.25,2010,9603,1.0,0,0,3,8,1440,570,47.5343,-122.054,29
132,20140612,784000.0,3,3.5,3950,111078,1.5,0,0,3,9,2460,1490,47.696999999999996,-122.072,25
133,20140512,453246.0,3,2.5,2010,2287,2.0,0,0,3,8,1390,620,47.5517,-121.99799999999999,0
134,20150126,675000.0,4,3.5,2140,2278,3.0,0,0,3,9,2140,0,47.6734,-122.38,10
135,20140813,199000.0,3,1.75,1320,17390,1.0,0,0,4,7,1320,0,47.3257,-122.296,58
136,20140805,220000.0,4,1.75,2020,7840,1.0,0,0,3,7,1010,1010,47.3309,-122.29899999999999,46
137,20140529,452000.0,4,2.25,2590,10002,1.0,0,0,4,8,1340,1250,47.7689,-122.266,46
138,20140707,382500.0,2,1.0,1190,4440,1.0,0,0,3,6,1190,0,47.7135,-122.287,33
139,20140507,519950.0,3,2.25,1170,1249,3.0,0,0,3,8,1170,0,47.6722,-122.381,0
140,20140627,665000.0,2,1.0,1110,3200,1.0,0,0,3,7,1110,0,47.6338,-122.35799999999999,89
141,20140708,527700.0,5,2.5,2820,9375,1.0,0,0,4,8,1550,1270,47.5707,-122.12799999999999,46
142,20150508,205000.0,3,1.0,1610,8579,1.0,0,0,4,7,1010,600,47.4563,-122.171,53
143,20150415,420000.0,3,1.0,1060,8097,1.0,0,0,4,7,940,120,47.7144,-122.351,92
144,20150227,500000.0,4,2.25,2030,8517,1.0,0,0,4,8,1380,650,47.5495,-122.17399999999999,54
145,20141203,921500.0,4,2.5,3670,315374,2.0,0,0,4,9,3670,0,47.7421,-122.02600000000001,20
146,20140625,890000.0,4,1.0,2550,4000,2.0,0,0,3,8,2370,180,47.6354,-122.353,109
147,20140806,430000.0,2,2.5,2420,60984,2.0,0,0,3,7,2420,0,47.5262,-121.943,7
148,20141030,258000.0,5,2.0,2260,12500,1.0,0,0,4,8,1130,1130,47.3887,-122.286,54
149,20141104,511000.0,3,1.0,1430,3455,1.0,0,0,3,7,980,450,47.6873,-122.336,67
150,20140820,532170.0,3,2.0,1360,3090,2.0,0,0,3,8,1360,0,47.6838,-122.353,24
151,20150409,560000.0,3,1.0,1110,5000,1.5,0,0,3,7,1110,0,47.655,-122.359,68
152,20150331,282950.0,3,1.0,1250,8200,1.0,0,0,4,7,1250,0,47.3255,-122.304,61
153,20150401,2250000.0,4,3.25,5180,19850,2.0,0,3,3,12,3540,1640,47.562,-122.162,9
154,20140516,350000.0,1,1.0,700,5100,1.0,0,0,3,7,700,0,47.678999999999995,-122.3,72
155,20140728,215000.0,3,1.0,1180,7669,1.0,0,0,4,7,1180,0,47.4479,-122.176,47
156,20141120,650000.0,5,3.5,3960,25245,2.0,0,0,3,9,2500,1460,47.525,-122.17200000000001,18
157,20140807,320000.0,4,2.75,2640,7500,1.0,0,0,3,8,1620,1020,47.3135,-122.369,47
158,20141113,247000.0,3,2.0,1270,7198,1.5,0,0,3,7,1270,0,47.2086,-121.99600000000001,1
159,20141003,320000.0,4,1.75,1760,11180,1.0,0,0,4,8,1760,0,47.4715,-122.118,46
160,20140507,255000.0,5,2.25,2060,8632,1.0,0,0,3,7,1030,1030,47.4877,-122.335,52
161,20150309,438000.0,3,1.75,1780,9660,1.0,0,0,3,7,1780,0,47.7171,-122.193,53
162,20150304,900000.0,3,2.5,3400,16603,2.0,0,0,3,10,3400,0,47.6012,-122.023,15
163,20140620,441000.0,3,2.75,1910,7280,1.0,0,0,3,7,1160,750,47.7319,-122.22399999999999,35
164,20140812,420000.0,3,2.0,2020,38332,1.0,0,0,4,7,1010,1010,47.4582,-122.023,39
165,20141208,370000.0,3,1.75,1580,7000,1.0,0,0,3,7,1180,400,47.7209,-122.16799999999999,38
166,20150219,269950.0,2,1.75,1340,7250,1.0,0,0,5,5,700,640,47.408,-122.32700000000001,66
167,20150324,807100.0,4,2.5,2680,4499,2.0,0,0,3,9,2680,0,47.565,-122.125,16
168,20140605,653000.0,3,2.5,2680,9750,1.0,0,0,4,8,1610,1070,47.7028,-122.23100000000001,35
169,20140611,371500.0,3,2.0,1370,8336,1.0,0,0,5,7,1370,0,47.7458,-122.331,50
170,20150316,284000.0,3,1.75,1560,21000,1.0,0,0,3,7,1560,0,47.4776,-122.337,61
171,20150102,272000.0,3,1.75,2160,7140,1.0,0,0,4,7,1670,490,47.3026,-122.374,37
172,20140502,313000.0,3,1.5,1340,7912,1.5,0,0,3,7,1340,0,47.7658,-122.339,59
173,20150116,917500.0,4,2.5,3880,35003,2.0,0,0,3,10,2570,1310,47.6477,-122.182,31
174,20140929,673000.0,4,2.25,2590,8190,2.0,0,0,4,8,2590,0,47.5619,-122.125,34
175,20150210,425000.0,3,2.5,1120,1100,2.0,0,0,3,8,820,300,47.6106,-122.31,7
176,20140709,399950.0,5,2.75,1970,5400,1.0,0,0,3,7,1320,650,47.5868,-122.30799999999999,28
177,20140530,385000.0,3,1.0,1220,4800,1.0,0,0,3,6,1220,0,47.6101,-122.307,113
178,20141117,269950.0,3,1.5,1950,7560,1.0,0,2,4,7,1320,630,47.1976,-121.999,39
179,20150107,330000.0,2,1.0,1350,8220,1.0,0,0,3,7,1060,290,47.7224,-122.35799999999999,66
180,20140725,260000.0,3,2.5,1670,5797,2.0,0,0,3,7,1670,0,47.3505,-122.179,26
181,20150414,470000.0,4,3.0,2380,5125,1.5,0,0,4,7,1680,700,47.5384,-122.376,90
182,20140613,589000.0,4,3.0,2440,9600,2.0,0,0,5,7,2440,0,47.7044,-122.2,53
183,20140723,163500.0,2,1.5,1050,3419,2.0,0,0,3,7,1050,0,47.3848,-122.039,18
184,20140905,835000.0,4,2.75,3130,13412,2.0,0,0,3,9,2140,990,47.6993,-122.102,21
185,20141121,1095000.0,5,3.0,4090,12850,1.0,0,2,4,10,2090,2000,47.6627,-122.18799999999999,28
186,20150415,269000.0,4,1.75,1490,10000,1.0,0,0,4,8,1100,390,47.3099,-122.37899999999999,46
187,20140505,560000.0,3,2.5,1900,8744,2.0,0,0,3,8,1900,0,47.62,-122.04299999999999,27
188,20150418,615000.0,4,1.0,1330,2400,1.5,0,0,4,6,1330,0,47.65,-122.34,114
189,20141205,585188.0,3,2.25,2230,10026,1.0,0,0,3,8,1430,800,47.6647,-122.15299999999999,39
190,20140818,305000.0,3,1.75,1650,9480,1.0,0,0,3,7,1220,430,47.726000000000006,-122.191,37
191,20141105,166950.0,3,1.0,1190,8820,1.0,0,0,3,6,1190,0,47.4616,-122.184,55
192,20140912,799000.0,3,2.5,2140,9897,1.0,0,0,4,8,2140,0,47.5505,-122.219,55
193,20140625,400000.0,3,2.5,2180,7508,1.0,0,0,4,7,1420,760,47.7606,-122.336,52
194,20141201,230000.0,3,1.0,1060,10228,1.0,0,0,3,7,1060,0,47.7481,-122.3,66
195,20140515,256883.0,3,2.5,1690,5025,2.0,0,0,3,8,1690,0,47.2779,-122.34700000000001,11
196,20141111,423000.0,4,2.0,1970,6480,1.5,0,0,5,7,1130,840,47.5511,-122.31200000000001,94
197,20140723,465000.0,3,2.5,2150,4084,2.0,0,0,3,8,2150,0,47.5488,-122.37200000000001,7
198,20150113,440000.0,3,2.5,1910,66211,2.0,0,0,3,7,1910,0,47.5385,-121.911,18
199,20141014,385000.0,3,1.75,1350,155073,1.0,0,0,4,7,1350,0,47.4058,-121.994,45
200,20150311,210000.0,3,1.0,860,11725,1.0,0,0,4,6,860,0,47.5093,-122.184,72
201,20141112,297000.0,3,2.5,1940,14952,2.0,0,0,3,8,1940,0,47.3777,-122.165,20
202,20140716,470000.0,3,1.0,1010,5000,1.0,0,0,3,7,1010,0,47.675,-122.39399999999999,62
203,20140804,226500.0,3,1.5,1300,7370,1.0,0,0,4,7,900,400,47.3025,-122.37,38
204,20150303,274250.0,3,1.0,910,8450,1.0,0,0,4,6,910,0,47.4787,-122.15799999999999,53
205,20140804,840000.0,4,1.75,2480,11010,1.0,0,0,4,9,1630,850,47.5378,-122.219,48
206,20140919,677900.0,3,2.5,2440,4587,2.0,0,0,3,8,2440,0,47.7073,-122.11399999999999,4
207,20150205,425000.0,3,1.0,1010,5864,1.0,0,0,3,7,1010,0,47.5733,-122.381,100
208,20141123,180250.0,2,0.75,900,9600,1.0,0,0,3,6,900,0,47.4604,-122.339,73
209,20140717,464000.0,6,3.0,2300,3404,2.0,0,0,3,7,1600,700,47.7067,-122.34299999999999,20
210,20150422,320000.0,4,2.25,1550,7579,2.0,0,0,3,8,1550,0,47.354,-122.04700000000001,22
211,20140717,625504.0,3,2.25,1270,1566,2.0,0,0,3,8,1060,210,47.6647,-122.28399999999999,0
212,20140515,592500.0,4,2.5,2240,12032,1.0,0,0,3,9,2240,0,47.6143,-122.01700000000001,31
213,20150114,465000.0,3,2.5,2714,17936,2.0,0,0,3,9,2714,0,47.3185,-122.275,10
214,20140527,477000.0,4,2.75,1720,6270,2.0,0,0,3,8,1720,0,47.5458,-122.26799999999999,36
215,20150115,280000.0,2,1.0,850,16400,1.0,0,0,3,6,850,0,47.4889,-122.29899999999999,92
216,20150221,1505000.0,5,3.0,3300,33474,1.0,0,3,3,9,1870,1430,47.5673,-122.21,24
217,20140703,445838.0,3,2.5,2250,5692,2.0,0,0,3,8,2250,0,47.5133,-122.37899999999999,14
218,20140828,1072000.0,2,2.25,3900,14864,1.0,0,3,3,8,1950,1950,47.5884,-122.291,67
219,20141023,467000.0,2,1.5,1320,10800,1.0,0,0,4,8,1320,0,47.7145,-122.367,67
220,20140822,686000.0,4,2.5,2760,6440,2.0,0,0,3,10,2760,0,47.5836,-122.02600000000001,15
221,20140605,279950.0,3,2.0,1750,9750,1.0,0,0,3,7,1350,400,47.398,-122.29899999999999,53
222,20140904,527000.0,4,2.25,2330,19436,2.0,0,0,3,8,2330,0,47.7663,-122.215,27
223,20140918,325000.0,3,2.25,2220,16020,1.0,0,0,4,8,1780,440,47.3758,-122.21700000000001,48
224,20140903,328000.0,3,2.25,2020,8379,2.0,0,0,3,7,2020,0,47.3828,-122.023,20
225,20140604,390000.0,3,2.25,1250,7500,1.0,0,0,5,7,1250,0,47.5123,-122.37299999999999,72
226,20150309,479950.0,2,2.0,1510,6516,1.0,0,0,3,8,1510,0,47.7076,-122.01299999999999,10
227,20140529,264950.0,4,2.25,1720,9753,1.0,0,0,4,7,1120,600,47.2922,-122.37100000000001,36
228,20150115,235000.0,3,1.0,1430,15246,1.0,0,0,4,7,980,450,47.4075,-122.214,54
229,20150303,516500.0,3,2.5,1480,4729,2.0,0,0,3,7,1480,0,47.6794,-122.03399999999999,11
230,20150413,655000.0,2,1.75,1450,15798,2.0,1,4,3,7,1230,220,47.4497,-122.375,37
231,20140616,500000.0,4,2.75,2280,15347,1.0,0,0,5,7,2280,0,47.5218,-122.164,54
232,20141121,315000.0,6,2.75,2940,7350,1.0,0,0,3,8,1780,1160,47.3103,-122.339,36
233,20141120,213000.0,2,1.0,1000,10200,1.0,0,0,3,6,1000,0,47.5687,-121.899,53
234,20140902,475000.0,3,1.5,2480,5280,1.5,0,0,5,7,1620,860,47.5575,-122.303,67
235,20140610,1025000.0,5,4.0,3760,28040,2.0,0,0,3,10,3760,0,47.6489,-122.18299999999999,31
236,20150409,416000.0,3,2.0,2220,94300,1.0,0,0,5,7,1640,580,47.3459,-121.95,39
237,20150320,410000.0,4,1.0,1970,4740,1.5,0,0,3,7,1670,300,47.6136,-122.303,10
238,20140701,800000.0,3,3.5,3830,221284,2.0,0,0,3,10,3530,300,47.7641,-122.023,21
239,20140529,472000.0,6,2.5,4410,14034,1.0,0,2,4,9,2350,2060,47.3376,-122.324,49
240,20141208,225000.0,3,1.75,1430,8505,1.0,0,0,4,7,1430,0,47.3173,-122.319,46
241,20141001,210000.0,2,1.0,830,6000,1.0,0,0,3,6,830,0,47.5308,-122.376,74
242,20150127,455000.0,2,1.0,1430,5000,1.5,0,0,2,7,1430,0,47.6727,-122.29899999999999,90
243,20150427,225000.0,3,1.0,1300,8316,1.0,0,0,4,6,1300,0,47.3221,-122.21600000000001,61
244,20140826,480000.0,2,1.0,1030,3060,1.0,0,2,4,7,790,240,47.6779,-122.353,96
245,20150212,363000.0,3,2.5,2740,11872,2.0,0,0,3,9,2740,0,47.3076,-122.395,25
246,20140929,2400000.0,4,2.5,3650,8354,1.0,1,4,3,9,1830,1820,47.6338,-122.072,14
247,20150226,181000.0,2,1.5,720,5120,1.0,0,0,3,6,720,0,47.5218,-122.35700000000001,61
248,20150314,250000.0,4,2.0,2010,7312,1.0,0,0,4,7,2010,0,47.2785,-122.213,39
249,20150422,481000.0,3,1.75,1560,3000,1.0,0,0,4,6,770,790,47.6846,-122.345,97
250,20140923,260000.0,3,2.0,1810,7209,1.0,0,0,4,7,1240,570,47.3656,-122.27799999999999,36
251,20140513,455000.0,4,2.5,3360,7685,2.0,0,0,3,9,3360,0,47.4369,-122.111,13
252,20150401,415000.0,3,2.25,1510,36224,2.0,0,0,3,8,1510,0,47.4616,-121.711,24
253,20150421,349500.0,3,1.0,1400,3538,1.0,0,0,3,7,800,600,47.5405,-122.27,62
254,20140929,245000.0,3,2.5,1730,7442,2.0,0,0,3,7,1730,0,47.3507,-122.178,27
255,20140519,592500.0,2,2.0,1420,9191,1.5,0,2,5,7,1420,0,47.6979,-122.32,86
256,20141020,385000.0,4,1.75,2360,7620,1.0,0,0,4,7,1180,1180,47.5278,-122.345,59
257,20150211,315000.0,3,1.75,1580,11455,1.0,0,0,4,7,1200,380,47.4756,-122.147,41
258,20141124,255000.0,3,1.0,1230,10170,1.0,0,0,3,7,1230,0,47.4437,-121.772,35
259,20140829,693000.0,4,2.5,2460,4425,2.0,0,0,3,8,2460,0,47.7048,-122.109,8
260,20141202,780000.0,3,1.0,1660,4400,1.5,0,0,3,8,1460,200,47.6362,-122.302,103
261,20141024,237000.0,3,1.75,1270,8470,1.0,0,0,4,7,1270,0,47.4207,-122.29,54
262,20141216,525000.0,3,2.25,2100,40510,2.0,0,0,3,10,1320,780,47.6154,-122.04700000000001,35
263,20150428,425000.0,2,1.0,770,5040,1.0,0,0,3,5,770,0,47.5964,-122.29899999999999,85
264,20141027,369900.0,1,0.75,760,10079,1.0,1,4,5,5,760,0,47.4683,-122.43799999999999,78
265,20140519,290000.0,4,2.5,1700,7280,2.0,0,0,4,7,1700,0,47.4045,-122.171,26
266,20140929,285000.0,3,1.0,1120,10701,1.0,0,0,3,7,1120,0,47.5544,-122.35799999999999,60
267,20140814,415000.0,2,1.0,1070,4500,1.0,0,0,3,7,1070,0,47.6802,-122.29,77
268,20150409,272500.0,3,2.5,2070,9900,1.0,0,0,3,8,1420,650,47.2988,-122.37100000000001,36
269,20150504,2900000.0,4,3.25,5050,20100,1.5,0,2,3,11,4750,300,47.6312,-122.223,7
270,20141007,1365000.0,4,4.75,5310,57346,2.0,0,0,4,11,5310,0,47.7285,-122.042,25
271,20150501,436000.0,2,1.0,1040,7538,1.0,0,0,4,7,1040,0,47.7107,-122.352,76
272,20141017,210000.0,3,1.0,1700,11390,1.0,0,0,4,7,1700,0,47.3271,-122.323,47
273,20140925,236000.0,3,1.0,1300,5898,1.0,0,0,3,7,1300,0,47.5053,-122.255,53
274,20141124,331000.0,3,1.75,1080,1306,1.0,0,0,3,7,580,500,47.6601,-122.4,11
275,20150320,365000.0,3,2.5,2653,4510,2.0,0,0,3,8,2653,0,47.4145,-122.166,9
276,20150127,450000.0,3,2.0,2290,16258,1.0,0,0,5,8,2290,0,47.4672,-122.165,55
277,20141113,770000.0,4,2.75,3820,26300,2.0,0,0,3,9,2850,970,47.7618,-122.26100000000001,0
278,20150505,455000.0,4,2.5,2210,49375,1.0,0,0,3,8,2210,0,47.3828,-122.071,18
279,20150505,405000.0,3,1.75,2390,6000,1.0,0,0,3,6,1240,1150,47.5362,-122.26799999999999,107
280,20140703,304900.0,4,1.75,2600,11325,1.0,0,0,4,7,1610,990,47.3954,-122.206,45
281,20150227,170000.0,2,1.0,860,5265,1.0,0,0,3,6,860,0,47.5048,-122.272,84
282,20150513,2050000.0,5,3.0,3830,8480,2.0,0,1,5,9,2630,1200,47.6166,-122.287,21
283,20140630,780000.0,4,2.5,3500,7048,2.0,0,0,3,9,3500,0,47.6811,-122.025,9
284,20150410,330000.0,3,3.0,2420,13959,1.0,0,0,4,8,1740,680,47.7486,-122.23,27
285,20140905,370000.0,4,2.5,2720,8666,2.0,0,0,3,9,2720,0,47.3846,-122.169,22
286,20141017,467000.0,5,2.25,2500,13500,1.0,0,0,3,7,1850,650,47.7564,-122.14399999999999,35
287,20150209,405000.0,3,1.75,1670,6720,1.0,0,0,3,7,1140,530,47.7198,-122.193,35
288,20140702,675000.0,5,2.25,2900,10300,1.0,0,0,3,8,1450,1450,47.5461,-122.15100000000001,29
289,20140812,500000.0,2,1.0,1640,14100,1.0,0,0,4,7,1140,500,47.5712,-122.14299999999999,60
290,20140723,389999.0,4,2.5,1890,15770,2.0,0,0,4,7,1890,0,47.4281,-122.34299999999999,46
291,20150224,630000.0,4,1.75,2950,9025,1.0,0,2,4,8,1780,1170,47.7128,-122.223,40
292,20141022,360000.0,4,2.5,2160,9528,2.0,0,0,3,9,2160,0,47.3341,-122.255,22
293,20141002,580000.0,4,3.0,3280,11060,2.0,0,0,3,8,2270,1010,47.5399,-122.181,28
294,20140709,550000.0,3,2.0,1970,4166,2.0,0,3,5,8,1270,700,47.5717,-122.375,85
295,20140710,879000.0,4,2.5,3360,22111,2.0,0,0,3,10,3360,0,47.5951,-122.01700000000001,20
296,20140822,265000.0,3,2.0,1320,8959,1.0,0,0,3,7,1320,0,47.3536,-122.14399999999999,21
297,20150304,446500.0,3,2.5,2650,7286,2.0,0,0,3,8,2650,0,47.5084,-122.154,25
298,20140602,404000.0,3,1.5,2030,8880,1.0,0,0,3,7,1330,700,47.5586,-122.311,51
299,20140529,267500.0,3,1.75,1590,11914,1.0,0,2,3,7,1090,500,47.4427,-122.274,57
300,20140624,3075000.0,4,5.0,4550,18641,1.0,1,4,3,10,2600,1950,47.6053,-122.07700000000001,12
301,20140811,335000.0,3,2.5,2440,7632,2.0,0,0,3,8,2440,0,47.3494,-122.301,16
302,20140619,576000.0,3,2.5,1940,9000,1.0,0,0,4,7,970,970,47.6933,-122.39299999999999,66
303,20150401,208633.0,3,2.5,2040,3810,2.0,0,0,3,8,2040,0,47.3537,-122.0,9
304,20150115,315000.0,3,2.25,2200,8750,1.0,0,0,4,7,1120,1080,47.476000000000006,-122.337,51
305,20150217,725000.0,3,1.75,1920,3300,1.0,0,0,4,8,960,960,47.6239,-122.29799999999999,102
306,20150403,550000.0,4,2.75,1800,7750,1.0,0,0,4,8,1400,400,47.7776,-122.384,50
307,20140612,610750.0,4,2.25,2180,7297,2.0,0,0,3,8,2180,0,47.6459,-122.05799999999999,30
308,20150228,550700.0,2,1.0,1010,5000,1.5,0,0,4,6,1010,0,47.6692,-122.29700000000001,107
309,20150108,665000.0,4,2.75,3320,10574,2.0,0,0,5,8,2220,1100,47.5376,-122.18,55
310,20150209,834000.0,4,2.5,2370,4000,1.5,0,2,5,8,1980,390,47.601000000000006,-122.294,87
311,20141023,201000.0,5,1.75,1660,78408,1.5,0,0,3,6,1660,0,47.528999999999996,-121.837,99
312,20140502,2384000.0,5,2.5,3650,9050,2.0,0,4,5,10,3370,280,47.6345,-122.367,93
313,20140618,1384000.0,4,3.25,4290,12103,1.0,0,3,3,11,2690,1600,47.5503,-122.102,17
314,20141209,1400000.0,4,3.25,4290,12103,1.0,0,3,3,11,2690,1600,47.5503,-122.102,17
315,20141105,305000.0,4,2.25,1950,7700,1.0,0,0,3,8,1350,600,47.4441,-122.125,35
316,20150408,487000.0,3,2.0,2590,14052,1.0,0,0,5,8,1720,870,47.7357,-122.333,67
317,20150511,390000.0,3,2.5,1930,64904,1.0,0,0,4,8,1930,0,47.346000000000004,-122.15700000000001,27
318,20140723,548000.0,2,1.0,1470,3864,1.0,0,0,4,7,1170,300,47.6638,-122.345,98
319,20141122,268750.0,4,1.0,800,8775,1.0,0,0,3,6,800,0,47.48,-122.336,71
320,20140513,819900.0,5,2.75,3150,7119,2.0,0,0,3,9,3150,0,47.6759,-122.15100000000001,1
321,20141023,520000.0,3,2.25,2030,16200,2.0,0,0,3,8,2030,0,47.5162,-122.057,30
322,20140721,230000.0,3,2.0,1450,11204,1.0,0,0,3,7,1450,0,47.2639,-122.25200000000001,11
323,20150202,240000.0,3,1.75,1510,10248,1.0,0,0,3,7,1510,0,47.2929,-122.37100000000001,46
324,20140905,232000.0,2,1.0,1240,12092,1.0,0,0,3,6,960,280,47.4957,-122.352,30
325,20150311,240500.0,2,1.0,1240,12092,1.0,0,0,3,6,960,280,47.4957,-122.352,31
326,20141027,274975.0,3,2.5,3030,45004,2.0,0,0,3,9,3030,0,47.7721,-122.09299999999999,27
327,20140905,740000.0,4,2.0,2050,4400,1.5,0,0,4,9,2050,0,47.644,-122.319,92
328,20150428,186375.0,3,1.0,1000,7636,1.0,0,0,2,7,1000,0,47.472,-122.344,63
329,20140725,790000.0,3,2.25,2370,10289,1.0,0,0,4,9,1590,780,47.592,-122.166,37
330,20140916,880000.0,4,3.5,2800,6750,2.0,0,0,3,9,1890,910,47.669,-122.275,12
331,20150416,279000.0,6,1.75,2240,11180,2.0,0,0,4,7,2240,0,47.42,-122.323,60
332,20140729,295000.0,3,2.0,1810,10530,1.0,0,2,3,8,1810,0,47.1913,-122.012,23
333,20150408,640000.0,2,1.0,1070,5000,1.0,0,0,3,7,1070,0,47.6666,-122.331,91
334,20140703,940000.0,4,2.0,2490,9525,2.0,0,0,5,9,2490,0,47.5639,-122.21700000000001,46
335,20141007,260000.0,4,2.5,1960,5238,2.0,0,0,3,7,1960,0,47.3483,-122.052,11
336,20140602,559900.0,3,2.75,2930,5569,1.0,0,0,3,9,1860,1070,47.7648,-122.164,10
337,20140722,791500.0,4,2.0,1510,3500,1.5,0,0,5,7,1510,0,47.6794,-122.35700000000001,103
338,20140826,265000.0,3,1.75,1420,8250,1.0,0,0,3,7,1420,0,47.7535,-122.354,60
339,20150501,245000.0,3,1.75,1740,11547,1.0,0,0,3,7,1740,0,47.4945,-122.22,61
340,20150424,485000.0,4,1.75,2560,43995,2.0,0,0,4,7,2560,0,47.6945,-122.09299999999999,53
341,20141106,684000.0,4,3.5,3040,8414,2.0,0,0,3,9,2420,620,47.5222,-122.15700000000001,4
342,20140909,425000.0,3,1.75,2500,6840,1.0,0,0,3,8,1300,1200,47.7222,-122.32,57
343,20141017,309600.0,4,1.75,1275,20000,1.0,0,0,4,6,1275,0,47.3796,-122.49,23
344,20140718,552250.0,4,2.5,2580,5823,2.0,0,0,3,8,2580,0,47.5374,-121.875,12
345,20140723,165000.0,4,1.0,1000,7134,1.0,0,0,3,6,1000,0,47.4897,-122.24,71
346,20141229,239900.0,4,1.0,1000,7134,1.0,0,0,3,6,1000,0,47.4897,-122.24,71
347,20141205,320000.0,2,1.0,1070,32633,1.0,0,0,4,6,1070,0,47.4716,-122.07799999999999,84
348,20141021,206600.0,3,2.0,1390,13464,1.0,0,0,4,7,1390,0,47.3581,-122.17299999999999,27
349,20150416,387000.0,4,1.75,2500,7690,1.0,0,0,3,7,1250,1250,47.7713,-122.307,42
350,20140604,299000.0,1,0.75,560,12120,1.0,0,0,3,4,560,0,47.675,-121.854,47
351,20140922,855000.0,4,2.75,2270,10460,2.0,0,0,3,9,2270,0,47.5603,-122.22200000000001,49
352,20150126,315000.0,3,1.0,1900,14400,1.0,0,0,4,7,1300,600,47.4147,-122.337,61
353,20141203,437500.0,2,1.0,990,3120,1.0,0,2,5,7,790,200,47.68,-122.353,107
354,20150324,252000.0,4,1.5,1550,19800,1.0,0,0,4,7,1050,500,47.3117,-122.27,46
355,20140604,375000.0,4,1.75,2200,7475,1.0,0,0,5,7,1100,1100,47.543,-122.28,59
356,20140806,300000.0,4,2.5,1910,4862,2.0,0,0,3,7,1910,0,47.3607,-122.03399999999999,9
357,20141006,420000.0,4,1.0,1750,9600,1.5,0,0,4,7,1750,0,47.5759,-122.137,60
358,20140505,900000.0,3,1.0,1330,77972,1.0,0,0,3,7,1330,0,47.6891,-122.15899999999999,60
359,20140805,679900.0,3,2.5,2440,5750,2.0,0,2,3,9,1980,460,47.565,-122.381,14
360,20140605,463000.0,3,2.5,1640,29970,2.0,0,0,3,7,1640,0,47.6359,-121.97399999999999,22
361,20140828,380000.0,5,2.5,2760,11340,2.0,0,0,4,9,2760,0,47.4769,-122.141,36
362,20141210,329500.0,4,2.5,1820,7912,2.0,0,0,3,7,1820,0,47.3845,-122.029,20
363,20140819,604950.0,3,2.5,2110,5608,1.0,0,0,3,8,1340,770,47.6743,-122.184,1
364,20140917,795000.0,5,2.5,3040,9570,1.0,0,2,4,8,1640,1400,47.5651,-122.164,48
365,20150130,465000.0,3,2.0,1840,40438,2.0,0,0,3,7,1840,0,47.4853,-121.709,21
366,20150326,673000.0,4,2.5,2990,10400,2.0,0,0,3,9,2990,0,47.4508,-122.359,13
367,20141001,810000.0,4,2.5,3520,15420,2.0,0,0,3,10,3520,0,47.6375,-122.016,23
368,20150423,785000.0,4,2.75,2440,69415,1.0,0,0,4,8,1910,530,47.5944,-122.042,26
369,20141120,338000.0,4,3.0,2090,7500,1.0,0,0,3,7,1370,720,47.4888,-122.182,28
370,20141204,280000.0,3,2.25,1430,7222,2.0,0,0,3,7,1430,0,47.5112,-122.19,21
371,20141001,315000.0,4,2.25,2180,10754,1.0,0,0,5,7,1100,1080,47.7711,-122.34100000000001,60
372,20150324,530000.0,4,2.25,2180,10754,1.0,0,0,5,7,1100,1080,47.7711,-122.34100000000001,61
373,20141223,380000.0,5,3.0,3450,9914,2.0,0,0,3,9,3450,0,47.2813,-122.345,10
374,20140811,297000.0,3,2.25,1450,7562,2.0,0,0,3,7,1450,0,47.5038,-122.189,20
375,20140520,730000.0,4,2.5,3230,7331,2.0,0,0,3,10,3230,0,47.5823,-121.97,10
376,20140609,450000.0,3,1.75,1640,13500,1.0,0,0,3,7,1110,530,47.7164,-122.304,74
377,20141027,275000.0,3,3.0,1590,7750,1.0,0,0,3,7,1060,530,47.3624,-122.045,17
378,20150429,595000.0,4,2.0,2020,2849,2.0,0,0,3,7,2020,0,47.6831,-122.329,55
379,20150421,435000.0,3,1.5,1300,3348,1.5,0,0,3,7,1300,0,47.592,-122.307,1
380,20140916,270000.0,2,1.5,1380,209959,1.0,0,0,1,6,1380,0,47.7461,-122.195,60
381,20140805,950000.0,3,3.0,4040,14338,2.0,0,0,3,10,3030,1010,47.7268,-122.06,28
382,20150313,389000.0,4,2.25,2130,5337,2.0,0,0,3,7,2130,0,47.7237,-121.959,14
383,20150121,560000.0,4,2.25,2550,7800,1.0,0,0,3,8,1580,970,47.6283,-122.095,47
384,20140728,1350000.0,5,3.5,4800,14984,2.0,0,2,3,11,3480,1320,47.5543,-122.148,16
385,20141111,799000.0,4,2.25,2510,11585,2.0,0,0,4,8,2510,0,47.5483,-122.226,45
386,20140625,365500.0,3,2.0,1410,9600,1.0,0,0,4,7,1410,0,47.7591,-122.146,31
387,20140515,252350.0,3,2.0,1650,7352,1.0,0,0,3,7,1160,490,47.4612,-122.169,35
388,20140905,403950.0,4,2.5,2120,13780,2.0,0,0,3,8,2120,0,47.4987,-122.365,21
389,20140801,385000.0,4,1.5,2040,10726,1.0,0,0,3,7,1380,660,47.772,-122.35799999999999,60
390,20141210,345000.0,4,1.0,1550,7620,1.5,0,0,3,7,1550,0,47.5287,-122.35,57
391,20140917,490000.0,3,2.75,1980,3128,2.0,0,0,4,9,1980,0,47.6109,-122.11399999999999,35
392,20140618,330000.0,3,2.5,1600,26977,2.0,0,0,3,8,1600,0,47.7736,-121.90100000000001,9
393,20140512,927000.0,4,2.75,3300,12090,2.0,0,0,3,8,3300,0,47.6294,-122.21799999999999,61
394,20140728,1118000.0,4,2.5,3840,16619,2.0,0,1,4,10,3840,0,47.5634,-122.213,31
395,20150430,330000.0,2,1.0,1220,10000,1.0,0,0,5,7,1220,0,47.7405,-122.241,65
396,20150309,530000.0,5,2.25,2720,8800,1.0,0,0,4,7,1500,1220,47.5976,-122.118,57
397,20140623,365000.0,4,2.0,1940,25600,1.0,0,0,1,8,1940,0,47.5722,-122.12899999999999,52
398,20140619,378750.0,3,2.5,2160,3000,1.5,0,0,3,7,1260,900,47.5644,-122.289,3
399,20140619,269900.0,4,1.75,1530,8750,1.5,0,0,4,7,1530,0,47.4556,-122.15700000000001,46
400,20150306,557000.0,3,3.5,1710,2096,2.0,0,0,3,8,1290,420,47.6055,-122.305,7
401,20140825,360000.0,4,1.75,3730,16980,1.0,0,0,4,7,2150,1580,47.1775,-122.022,40
402,20150422,352000.0,2,1.0,940,5000,1.0,0,0,4,7,940,0,47.6879,-122.385,78
403,20150224,437000.0,3,2.5,1750,22357,2.0,0,0,3,8,1750,0,47.4807,-121.779,21
404,20140618,322500.0,4,2.5,1820,6753,2.0,0,0,3,7,1820,0,47.3845,-122.03200000000001,20
405,20140912,650000.0,3,3.25,1510,2000,2.0,0,0,3,9,1330,180,47.5815,-122.402,13
406,20140806,450000.0,3,2.0,1290,1213,3.0,0,0,3,8,1290,0,47.6609,-122.344,13
407,20150417,278500.0,3,2.0,1570,5250,1.0,0,0,3,7,1570,0,47.3163,-122.18799999999999,17
408,20150427,364950.0,4,2.5,1930,6957,2.0,0,0,3,8,1930,0,47.4309,-122.191,20
409,20140911,840000.0,4,3.5,2840,40139,1.0,0,4,4,10,2840,0,47.401,-122.02600000000001,28
410,20150318,268000.0,3,2.5,1550,8134,2.0,0,0,3,7,1550,0,47.403999999999996,-122.191,24
411,20140716,517534.0,2,1.0,833,143947,1.0,0,0,3,5,833,0,47.3889,-122.48200000000001,8
412,20141104,632925.0,3,2.5,2990,32239,2.0,0,0,4,8,2990,0,47.7718,-122.095,36
413,20140723,577500.0,3,2.5,2000,7251,2.0,0,0,3,9,2000,0,47.7067,-122.2,19
414,20150212,339000.0,4,1.5,2390,7480,1.5,0,2,3,7,2390,0,47.504,-122.227,95
415,20140909,570000.0,3,1.75,2910,37461,1.0,0,0,4,7,1530,1380,47.7015,-122.164,47
416,20140626,563500.0,4,1.75,2085,174240,1.0,0,0,3,7,1610,475,47.5753,-121.95,50
417,20150105,423000.0,4,2.25,2200,9351,1.0,0,0,5,7,1290,910,47.7448,-122.333,53
418,20141223,355000.0,3,2.25,1860,5028,2.0,0,0,3,8,1860,0,47.7318,-121.98200000000001,2
419,20140710,1550000.0,5,4.25,6070,171626,2.0,0,0,3,12,6070,0,47.5954,-121.95,15
420,20141203,482000.0,2,1.0,950,3960,1.0,0,0,3,7,950,0,47.6885,-122.337,73
421,20140730,625000.0,3,1.75,1600,9135,1.0,0,0,5,7,1600,0,47.5724,-122.179,59
422,20141219,538000.0,3,2.5,2250,11632,2.0,0,0,3,8,2250,0,47.5272,-122.169,26
423,20150107,380000.0,3,2.5,2280,10255,2.0,0,0,4,8,2280,0,47.4334,-122.161,30
424,20140717,375000.0,2,1.0,940,5120,1.0,0,0,3,7,940,0,47.6073,-122.30799999999999,105
425,20150403,245000.0,3,2.5,1530,8500,1.0,0,0,5,7,1030,500,47.3592,-122.046,19
426,20141114,310000.0,5,1.75,2190,27260,1.0,0,0,4,7,2190,0,47.4546,-122.337,40
427,20150225,1300000.0,3,2.0,2350,15021,1.0,0,0,4,8,1770,580,47.6408,-122.219,39
428,20140506,397000.0,4,2.0,1440,7680,1.0,0,0,3,7,1200,240,47.7245,-122.2,43
429,20150512,365000.0,3,2.5,2200,4052,2.0,0,0,3,8,2200,0,47.4362,-122.178,10
430,20141028,328500.0,4,3.0,2290,8250,2.0,0,0,3,9,2290,0,47.3739,-122.156,24
431,20140908,988000.0,4,3.0,4040,19700,2.0,0,0,3,11,4040,0,47.7205,-122.12700000000001,27
432,20140722,1000000.0,4,2.5,2610,3277,1.5,0,0,5,8,1920,690,47.6636,-122.33,92
433,20140903,237000.0,3,2.5,1490,2138,2.0,0,0,3,7,1490,0,47.4324,-122.197,9
434,20140919,525000.0,4,2.5,2450,5280,2.0,0,0,3,8,2450,0,47.7734,-122.22399999999999,11
435,20140916,749000.0,4,2.5,1710,9627,1.0,0,0,3,9,1440,270,47.559,-122.164,0
436,20140821,722500.0,5,2.5,4870,11800,2.0,0,0,3,10,3470,1400,47.633,-122.041,31
437,20150312,843000.0,3,2.5,3130,8750,2.0,0,0,3,10,3130,0,47.6954,-122.103,24
438,20140708,438000.0,2,2.0,1270,1372,3.0,0,0,3,8,1270,0,47.6776,-122.318,14
439,20140916,578000.0,3,1.75,2120,10875,1.0,0,2,3,8,1540,580,47.504,-122.382,37
440,20140923,227950.0,3,1.5,1670,8230,1.0,0,0,5,7,1670,0,47.2613,-122.255,60
441,20140722,196000.0,3,2.25,2070,11576,2.0,0,0,3,7,2070,0,47.3417,-122.271,40
442,20140715,641000.0,2,1.0,1420,5332,1.0,0,0,3,8,1070,350,47.6694,-122.275,61
443,20150422,350000.0,3,1.5,1250,219978,1.0,0,0,4,6,1250,0,47.4056,-121.955,35
444,20140819,205000.0,3,1.0,940,7980,1.0,0,0,4,7,940,0,47.3838,-122.289,54
445,20141202,400000.0,3,1.75,1920,9102,1.0,0,0,3,7,1920,0,47.7487,-122.08200000000001,46
446,20141110,1030000.0,3,2.5,3545,9816,1.0,0,0,3,10,2610,935,47.5534,-122.07799999999999,9
447,20150319,505000.0,3,2.0,1260,5460,1.0,0,0,3,7,1260,0,47.7355,-122.18,43
448,20141009,475000.0,5,2.5,2340,7200,1.0,0,0,3,7,1300,1040,47.7206,-122.211,39
449,20141105,520000.0,3,2.25,2590,9263,1.0,0,0,5,8,1440,1150,47.7691,-122.262,37
450,20150502,1450000.0,3,4.5,3970,24920,2.0,0,2,3,10,3260,710,47.7183,-122.258,16
451,20141231,333500.0,3,1.75,1220,9732,1.0,0,0,3,7,1220,0,47.7736,-122.214,49
452,20150222,232000.0,3,1.0,1400,10403,1.0,0,0,4,6,1400,0,47.361999999999995,-122.029,39
453,20150421,691100.0,3,2.75,2360,16117,1.0,0,0,4,8,1710,650,47.5698,-122.12100000000001,32
454,20141014,811000.0,3,1.75,1870,9897,1.0,0,0,4,8,1870,0,47.5505,-122.221,54
455,20140520,551000.0,3,2.5,2830,5802,2.0,0,0,3,9,2830,0,47.7605,-122.234,13
456,20150108,496500.0,3,2.5,2260,3640,2.0,0,0,3,8,2260,0,47.7356,-122.15700000000001,21
457,20141126,705000.0,3,3.0,1970,20978,2.0,1,3,4,9,1770,200,47.3844,-122.43799999999999,34
458,20140612,578000.0,4,2.5,3140,9225,1.0,0,2,5,9,1770,1370,47.4904,-122.226,48
459,20150128,255000.0,3,1.75,1240,8659,1.0,0,0,5,7,1240,0,47.3663,-122.089,29
460,20140626,1050000.0,4,3.5,3450,7832,2.0,0,0,3,10,3450,0,47.5637,-122.12299999999999,7
461,20150305,348000.0,3,2.25,2570,8491,2.0,0,0,4,8,2570,0,47.3759,-122.125,26
462,20141104,230000.0,3,2.0,1510,3413,2.0,0,0,3,7,1510,0,47.3912,-122.167,29
463,20141209,359500.0,4,2.25,2390,11250,2.0,0,0,3,9,2390,0,47.3305,-122.37100000000001,26
464,20141112,330000.0,3,1.0,980,7000,1.0,0,0,3,6,980,0,47.7617,-122.35700000000001,61
465,20140523,80000.0,1,0.75,430,5050,1.0,0,0,2,4,430,0,47.6499,-121.90899999999999,102
466,20141201,465000.0,3,1.75,1480,6360,1.0,0,0,3,7,1480,0,47.7311,-122.353,60
467,20141015,325000.0,4,2.5,1850,7324,2.0,0,0,3,8,1850,0,47.3701,-122.10700000000001,17
468,20150107,340500.0,3,2.0,2270,28025,1.0,0,0,4,7,1920,350,47.4857,-122.318,68
469,20150106,342500.0,3,2.5,1810,5192,2.0,0,0,3,8,1810,0,47.3724,-122.042,22
470,20140623,290900.0,2,2.0,1610,17600,2.0,0,0,3,6,1610,0,47.4855,-122.266,31
471,20150213,868700.0,3,4.25,3840,6161,2.0,0,0,3,10,3840,0,47.6336,-122.064,15
472,20141113,1199000.0,4,2.75,4110,8400,2.0,0,1,3,9,3130,980,47.717,-122.281,1
473,20141014,1150000.0,4,3.25,4190,10259,2.0,0,0,3,11,3150,1040,47.6332,-122.066,14
474,20140811,859900.0,4,2.75,3390,6298,2.0,0,0,3,9,3390,0,47.5906,-122.06200000000001,3
475,20140808,520000.0,4,2.25,1890,3006,2.0,0,0,3,7,1890,0,47.5461,-121.99799999999999,11
476,20140711,460000.0,3,2.5,1610,2527,2.0,0,2,3,9,1080,530,47.5674,-122.29,9
477,20140901,438924.0,3,1.5,1050,4590,1.0,0,0,3,7,850,200,47.6943,-122.29,65
478,20150406,315000.0,2,1.0,630,6550,1.0,0,0,3,5,630,0,47.5486,-122.38,97
479,20140718,590000.0,4,2.75,2910,10650,1.0,0,2,3,8,1780,1130,47.6658,-122.18799999999999,39
480,20141104,378500.0,4,1.75,1700,8640,1.0,0,0,3,7,850,850,47.5772,-122.15299999999999,59
481,20140603,328500.0,3,2.5,1950,8130,2.0,0,0,4,9,1950,0,47.3875,-122.161,24
482,20150325,849950.0,3,3.0,2990,9773,2.0,0,0,4,8,2990,0,47.6344,-122.17399999999999,42
483,20141027,525000.0,3,1.5,1350,6000,1.0,0,2,3,7,900,450,47.5275,-122.391,64
484,20150410,1385000.0,4,3.25,4860,181319,2.5,0,0,3,9,4860,0,47.6179,-122.005,22
485,20150428,295000.0,4,2.5,2160,7725,1.0,0,0,4,8,1460,700,47.3078,-122.37799999999999,37
486,20140711,1067000.0,6,3.5,4860,11793,2.0,0,0,3,11,3860,1000,47.5521,-122.137,16
487,20140721,207950.0,2,2.0,890,5000,1.0,0,0,3,6,890,0,47.5158,-122.264,97
488,20141216,699900.0,4,2.75,2810,7302,2.0,0,0,3,9,2810,0,47.5985,-121.977,12
489,20150210,1280000.0,5,2.5,3400,9500,2.0,0,1,4,8,3400,0,47.5645,-122.08200000000001,38
490,20141120,452000.0,4,1.5,1580,7350,1.0,0,0,4,7,960,620,47.6734,-122.154,51
491,20150205,370000.0,3,2.0,1680,5036,1.0,0,1,4,7,1680,0,47.4734,-122.186,28
492,20150127,232000.0,3,1.75,1300,11230,1.0,0,0,5,7,1300,0,47.3811,-122.087,47
493,20141030,669950.0,5,2.5,2820,14062,2.0,0,0,4,7,2380,440,47.7081,-122.215,54
494,20140614,397500.0,3,2.0,1510,6710,1.0,0,0,3,7,1070,440,47.7193,-122.21600000000001,42
495,20140512,490000.0,2,2.5,1230,1391,2.0,0,0,3,8,870,360,47.6192,-122.301,10
496,20150128,725000.0,4,2.0,2110,4140,2.0,0,0,3,9,1710,400,47.5836,-122.387,12
497,20140917,299000.0,3,2.75,3080,19635,1.0,0,2,4,7,1610,1470,47.3841,-122.28399999999999,56
498,20140818,625000.0,2,1.5,1490,5750,1.5,0,0,4,7,1190,300,47.5872,-122.39,114
499,20141106,437500.0,3,2.5,2120,4500,2.0,0,0,3,7,2120,0,47.5322,-121.88,14
500,20150510,650000.0,4,2.5,3180,5438,2.0,0,0,3,9,3180,0,47.5416,-121.86399999999999,12
501,20140519,475000.0,2,1.0,1490,3825,1.0,0,0,3,7,860,630,47.6799,-122.381,85
502,20140502,342000.0,3,2.0,1930,11947,1.0,0,0,4,8,1930,0,47.3672,-122.15100000000001,48
503,20141015,1197350.0,4,2.5,2770,7800,2.0,0,0,3,10,2770,0,47.684,-122.205,15
504,20150210,280000.0,3,1.5,1670,11610,1.0,0,0,4,7,1670,0,47.4404,-122.191,52
505,20140521,240000.0,2,1.75,1330,7200,1.0,0,0,3,7,1330,0,47.4467,-122.281,21
506,20140527,529000.0,3,1.0,1210,3328,1.5,0,0,4,7,1210,0,47.6729,-122.363,90
507,20150202,442000.0,3,1.0,1190,5100,1.0,0,0,4,7,1030,160,47.5346,-122.385,74
508,20140508,615000.0,2,1.0,1540,6872,1.0,0,0,4,7,820,720,47.6454,-122.37299999999999,68
509,20140612,1485000.0,4,3.75,4030,10800,2.0,0,0,3,10,4030,0,47.6821,-122.196,8
510,20150505,585000.0,4,1.75,2430,7559,1.0,0,0,4,8,1580,850,47.7206,-122.11,34
511,20150305,480000.0,4,2.5,2600,7787,2.0,0,0,3,8,2600,0,47.4877,-122.139,10
512,20140721,1095000.0,5,3.5,4410,57063,2.0,0,0,4,9,4410,0,47.6554,-122.01799999999999,24
513,20141105,290000.0,4,1.0,1330,8184,1.5,0,0,3,7,1330,0,47.7343,-122.34700000000001,65
514,20140820,615000.0,3,1.75,1900,5000,1.0,0,0,5,7,950,950,47.5789,-122.39299999999999,63
515,20150311,300000.0,2,1.0,1100,7680,1.0,0,0,4,7,1100,0,47.7439,-122.339,65
516,20141029,308000.0,3,1.0,1980,39150,1.5,0,0,3,6,1580,400,47.3818,-122.225,82
517,20150507,750000.0,3,2.5,2400,7745,2.0,0,0,3,9,2400,0,47.6734,-122.17299999999999,14
518,20141114,2250000.0,4,2.25,4760,8036,2.5,0,0,5,9,3390,1370,47.6415,-122.285,98
519,20140805,890000.0,4,3.25,3180,194278,2.0,0,0,3,10,3180,0,47.4711,-122.084,9
520,20150325,288000.0,3,1.0,1190,7560,1.0,0,0,5,6,1190,0,47.452,-122.177,57
521,20140906,190000.0,2,1.0,630,6000,1.0,0,0,3,6,630,0,47.4973,-122.221,9
522,20150326,515000.0,5,3.0,2530,5105,1.0,0,0,3,8,1520,1010,47.7546,-122.34100000000001,10
523,20141105,235000.0,4,1.5,1690,11054,1.0,0,0,4,5,1690,0,47.4667,-122.215,84
524,20140818,275000.0,2,1.0,940,5000,1.0,0,0,3,6,940,0,47.5186,-122.374,63
525,20141121,727500.0,2,2.0,1240,9119,1.0,0,0,4,7,1240,0,47.6221,-122.193,62
526,20140620,650000.0,4,2.5,3040,6587,2.0,0,0,3,7,3040,0,47.683,-122.039,11
527,20140618,1600000.0,6,5.0,6050,230652,2.0,0,3,3,11,6050,0,47.6033,-121.943,13
528,20141105,365000.0,4,1.0,1590,7085,1.5,0,0,3,6,1590,0,47.7315,-122.305,70
529,20141008,662000.0,3,1.75,2500,36947,1.0,0,0,3,9,2500,0,47.6917,-122.084,30
530,20150429,270500.0,3,2.5,1780,7848,1.0,0,0,3,7,1320,460,47.3608,-122.056,37
531,20150505,200000.0,2,1.5,1360,1898,2.0,0,0,3,7,1360,0,47.2852,-122.19,37
532,20150224,970000.0,4,3.25,4740,76230,2.0,0,0,3,10,4740,0,47.5931,-122.071,28
533,20140624,160000.0,3,1.5,1010,9600,1.0,0,0,4,7,1010,0,47.4097,-122.316,52
534,20150218,204000.0,3,1.0,1040,7405,1.0,0,0,4,6,1040,0,47.3105,-122.021,44
535,20150218,358000.0,3,2.25,1610,6655,2.0,0,0,4,7,1610,0,47.4296,-122.161,30
536,20150501,452000.0,4,1.75,1570,8268,1.0,0,0,3,7,1570,0,47.7373,-122.197,36
537,20141204,595000.0,2,2.0,1510,4000,1.0,0,0,4,7,1010,500,47.6582,-122.345,114
538,20150410,249000.0,3,2.0,1360,6082,1.0,0,0,3,7,1360,0,47.3577,-122.16,21
539,20150310,346900.0,4,2.5,1970,5106,2.0,0,0,3,8,1970,0,47.449,-122.205,16
540,20150218,2125000.0,3,2.5,5403,24069,2.0,1,4,4,12,5403,0,47.4169,-122.348,39
541,20141030,280000.0,4,2.5,1560,4350,2.0,0,0,3,7,1560,0,47.5025,-122.186,11
542,20141013,318888.0,4,1.75,2320,12000,1.0,0,0,4,8,2270,50,47.3644,-122.28,41
543,20140911,530000.0,3,2.25,2120,40518,1.0,0,0,3,8,2120,0,47.5896,-122.009,47
544,20141121,375000.0,3,2.25,2120,18500,2.0,0,0,4,8,2120,0,47.3914,-122.169,31
545,20150422,910000.0,4,2.5,3350,29242,2.0,0,0,3,11,3350,0,47.7197,-122.131,27
546,20140523,782000.0,4,2.5,2380,9614,2.0,0,0,4,10,2380,0,47.5623,-122.116,23
547,20150319,259950.0,2,2.0,1070,649,2.0,0,0,3,9,720,350,47.5213,-122.35700000000001,7
548,20140923,315000.0,4,2.75,2300,18360,1.0,0,0,4,7,1560,740,47.4518,-122.16,35
549,20140528,215000.0,2,1.0,1320,8865,1.0,0,0,4,6,1320,0,47.4949,-122.3,71
550,20140723,705000.0,3,1.75,2180,10221,1.0,0,2,4,7,1140,1040,47.5885,-122.24799999999999,68
551,20141013,1450000.0,3,3.0,4380,6320,2.0,0,3,5,10,3580,800,47.6452,-122.411,62
552,20150508,451000.0,3,1.75,1790,9813,2.0,0,0,3,7,1790,0,47.748999999999995,-122.305,66
553,20140902,261000.0,2,1.0,750,8125,1.0,0,0,4,6,750,0,47.4727,-122.198,71
554,20141117,396000.0,3,1.5,1300,8280,1.0,0,0,5,7,1300,0,47.7403,-122.256,58
555,20140722,725000.0,4,2.5,2990,29170,2.0,0,3,3,9,2990,0,47.5146,-122.117,15
556,20140620,1950000.0,7,3.5,4640,15235,2.0,0,1,3,11,2860,1780,47.5666,-122.23100000000001,11
557,20140715,238000.0,4,1.0,1400,7242,1.5,0,0,3,7,1400,0,47.4339,-122.291,55
558,20150427,750000.0,6,1.75,2750,9563,2.0,0,0,4,8,2750,0,47.6368,-122.09700000000001,42
559,20141027,331500.0,4,2.5,2050,10271,2.0,0,0,3,7,2050,0,47.3628,-122.075,16
560,20141028,460000.0,4,3.0,2230,108900,1.0,0,0,3,7,1410,820,47.52,-121.845,36
561,20140707,404950.0,4,2.25,2340,217014,1.0,0,0,4,8,2340,0,47.2953,-122.083,32
562,20141217,880000.0,3,2.5,2870,5163,2.0,0,0,3,9,2870,0,47.6935,-122.352,0
563,20140613,863000.0,4,2.5,4120,22370,2.0,0,0,3,10,4120,0,47.6239,-122.023,17
564,20141216,638700.0,3,1.75,2080,9162,1.0,0,0,3,7,1370,710,47.5846,-122.16799999999999,54
565,20140728,435000.0,3,2.5,1840,5680,2.0,0,0,3,7,1840,0,47.6969,-122.02600000000001,6
566,20141231,260000.0,3,1.0,1180,5350,1.5,0,0,4,6,1180,0,47.505,-122.259,55
567,20140814,671500.0,5,2.75,2160,4000,1.5,0,0,5,7,1530,630,47.667,-122.289,87
568,20141022,610000.0,3,1.0,1180,3400,1.5,0,0,3,8,1180,0,47.6376,-122.353,107
569,20141218,405000.0,2,0.75,1160,15029,1.0,0,0,4,6,870,290,47.6929,-121.87,77
570,20140718,338900.0,4,2.5,1830,5612,2.0,0,0,3,7,1830,0,47.3572,-122.015,11
571,20150123,720000.0,4,4.0,3200,7708,2.0,0,0,3,10,3200,0,47.5816,-121.97,11
572,20150424,442000.0,5,3.0,2560,5445,1.5,0,0,4,7,1760,800,47.5502,-122.311,88
573,20140603,650000.0,5,2.75,2550,5040,1.5,0,0,5,8,2550,0,47.6136,-122.29899999999999,112
574,20150102,263500.0,3,1.75,1330,9917,1.0,0,0,3,7,1040,290,47.4478,-122.161,34
575,20141217,300000.0,2,1.0,1220,75794,1.0,0,0,4,7,1220,0,47.4219,-122.007,51
576,20141209,266000.0,3,2.5,1805,3402,2.0,0,0,3,7,1805,0,47.3521,-122.212,5
577,20141211,930000.0,4,4.0,6050,84942,2.5,0,2,3,9,4150,1900,47.7466,-122.029,5
578,20150127,530000.0,4,2.5,2320,5493,2.0,0,0,3,8,2320,0,47.7727,-122.229,11
579,20141211,180000.0,3,1.0,1384,8960,1.0,0,0,4,6,1384,0,47.3062,-122.37100000000001,49
580,20140516,619000.0,3,2.5,2720,6439,2.0,0,0,3,9,2720,0,47.5422,-121.86,9
581,20140821,264000.0,3,1.5,1820,10608,1.0,0,0,4,7,1820,0,47.3366,-122.306,52
582,20140701,730000.0,2,2.25,2130,4920,1.5,0,4,4,7,1530,600,47.573,-122.40899999999999,73
583,20141022,439000.0,4,2.25,2060,10070,2.0,0,0,3,7,2060,0,47.7258,-122.177,39
584,20141117,268500.0,4,1.75,1420,7500,1.0,0,0,4,7,1080,340,47.4025,-122.176,33
585,20140715,330000.0,3,1.75,1510,15744,1.0,0,0,3,7,1510,0,47.476000000000006,-121.755,29
586,20140819,640000.0,3,2.5,2160,4000,1.5,0,0,3,8,1960,200,47.6045,-122.307,1
587,20140708,900000.0,3,2.5,3180,12600,2.0,0,0,4,11,3180,0,47.6366,-122.05799999999999,36
588,20140930,370000.0,3,2.25,2110,13300,2.0,0,0,4,8,2110,0,47.3725,-122.06,29
589,20150314,685000.0,3,2.0,2060,2900,1.5,0,0,5,8,1330,730,47.5897,-122.292,84
590,20140904,505000.0,3,1.5,1830,217800,1.0,0,0,3,7,1010,820,47.6277,-121.97200000000001,33
591,20141021,265000.0,3,1.75,1820,32666,1.0,0,0,4,7,1820,0,47.1803,-121.97399999999999,48
592,20150324,290000.0,3,2.5,1610,2937,2.0,0,0,3,8,1610,0,47.4489,-122.18799999999999,9
593,20140902,296000.0,4,2.5,1780,3600,2.0,0,0,3,7,1780,0,47.3665,-122.01700000000001,8
594,20150213,360000.0,4,2.5,1840,9611,2.0,0,0,3,7,1840,0,47.4964,-122.251,19
595,20140604,240500.0,3,1.75,1460,10584,1.0,0,0,3,7,990,470,47.492,-122.31700000000001,17
596,20140722,372500.0,2,2.5,1400,2958,2.0,0,0,3,8,1400,0,47.5496,-122.37299999999999,7
597,20141002,595000.0,3,2.5,3370,14402,2.0,0,2,3,9,3370,0,47.5008,-121.77600000000001,10
598,20141017,515000.0,4,3.0,3590,8249,2.0,0,0,3,9,3590,0,47.2846,-122.34100000000001,17
599,20140805,1220000.0,4,2.25,3200,15367,2.0,0,0,4,9,3200,0,47.5494,-122.21600000000001,52
600,20141009,507000.0,2,1.75,1670,6460,1.0,0,0,3,8,1670,0,47.7123,-122.027,10
601,20150204,399950.0,4,2.0,2420,31465,1.0,0,0,3,9,2420,0,47.3131,-122.115,31
602,20140820,185000.0,3,1.75,1430,10816,2.0,0,0,3,7,1430,0,47.3122,-121.99600000000001,20
603,20140825,460000.0,3,1.75,1440,7070,1.0,0,0,3,7,1440,0,47.6947,-122.125,34
604,20150224,435500.0,3,2.25,1450,4789,2.0,0,0,3,7,1450,0,47.5665,-122.01799999999999,30
605,20150408,469000.0,4,2.75,3550,13938,1.0,0,0,5,8,2100,1450,47.425,-122.28299999999999,49
606,20140505,531000.0,2,3.0,1270,1175,2.0,0,0,3,8,1110,160,47.6634,-122.34,14
607,20150206,443500.0,2,1.0,940,6804,1.0,0,0,3,7,940,0,47.7047,-122.37299999999999,66
608,20141126,223000.0,3,2.0,1670,6824,1.0,0,0,3,7,1300,370,47.3666,-122.084,24
609,20150417,590000.0,4,3.5,3100,15842,2.0,0,0,3,8,2400,700,47.7466,-122.242,19
610,20141209,340000.0,2,2.5,1100,1760,3.0,0,0,3,7,1100,0,47.6972,-122.35,17
611,20141105,650000.0,3,2.0,1870,3388,1.0,0,0,4,8,1230,640,47.6372,-122.395,89
612,20140925,533600.0,3,2.5,1930,5080,2.0,0,0,4,8,1930,0,47.5694,-122.001,24
613,20140610,695000.0,3,2.75,2540,4694,2.0,0,0,3,9,2540,0,47.6214,-122.024,9
614,20140617,242000.0,3,1.75,1280,7524,1.5,0,0,4,7,1280,0,47.3961,-122.18799999999999,26
615,20150114,425000.0,3,2.25,1820,8814,1.0,0,0,3,7,1280,540,47.7162,-122.309,48
616,20150506,525000.0,3,2.25,1490,9414,2.0,0,0,3,7,1490,0,47.6844,-122.113,34
617,20140922,485000.0,3,2.5,1880,5502,2.0,0,0,3,8,1880,0,47.5737,-122.01799999999999,26
618,20150113,175000.0,3,1.0,1250,9775,1.0,0,0,3,7,1250,0,47.4474,-121.771,44
619,20140619,210000.0,3,2.0,1440,7210,1.0,0,0,3,8,1440,0,47.3128,-122.184,31
620,20150415,260000.0,3,2.5,1920,7415,2.0,0,0,3,7,1920,0,47.4022,-122.171,26
621,20140623,577000.0,3,2.5,2060,5750,1.0,0,0,3,7,1330,730,47.5671,-122.391,38
622,20141021,200000.0,3,1.5,1210,10588,1.0,0,0,4,7,1210,0,47.2876,-122.212,56
623,20150225,605000.0,2,1.75,1760,5000,1.0,0,0,4,7,940,820,47.681999999999995,-122.37200000000001,88
624,20140521,325000.0,3,1.0,990,6750,1.0,0,0,4,6,990,0,47.7125,-122.331,67
625,20140814,289500.0,3,1.0,960,6400,1.0,0,0,4,6,820,140,47.496,-122.23899999999999,70
626,20140808,559950.0,3,2.5,1660,1458,3.0,0,0,3,9,1660,0,47.5876,-122.309,0
627,20150406,1042500.0,3,1.75,1900,9375,1.0,0,1,4,8,1330,570,47.6821,-122.273,74
628,20141009,543500.0,3,2.25,1270,2790,1.0,0,0,3,7,990,280,47.6581,-122.396,44
629,20140522,480000.0,4,2.25,3250,34293,2.0,0,0,4,9,3250,0,47.3496,-122.094,31
630,20140523,218000.0,3,1.0,960,9633,1.0,0,0,5,6,960,0,47.1951,-122.001,32
631,20140622,565000.0,2,1.75,1330,6000,1.0,0,0,4,7,960,370,47.6539,-122.396,69
632,20141212,426700.0,3,1.75,2080,7700,1.0,0,0,5,7,1600,480,47.5375,-122.178,46
633,20140912,650000.0,3,2.5,2690,11575,1.0,0,3,3,8,2130,560,47.7605,-122.26700000000001,57
634,20140924,542000.0,2,1.0,890,3060,1.0,0,0,3,7,770,120,47.6663,-122.32600000000001,104
635,20140624,415000.0,3,1.75,1070,8000,1.0,0,0,3,7,1070,0,47.6978,-122.13,37
636,20140815,214000.0,3,1.0,1200,8316,1.0,0,0,4,6,1200,0,47.3221,-122.215,61
637,20150121,245000.0,3,1.5,1360,8910,2.0,0,0,5,7,1360,0,47.4488,-122.275,66
638,20140701,314500.0,3,2.0,2050,13303,1.0,0,0,3,8,2050,0,47.2681,-122.31,21
639,20150409,1120000.0,3,1.5,3000,5750,2.0,0,0,5,9,2000,1000,47.5821,-122.39,91
640,20150303,378000.0,2,2.0,1300,3850,1.0,0,0,3,7,800,500,47.5395,-122.39,52
641,20140728,305000.0,4,2.5,2250,9091,1.0,0,0,3,7,1340,910,47.336000000000006,-122.26899999999999,32
642,20150320,595000.0,5,2.75,3740,6750,1.0,0,0,4,8,1980,1760,47.7679,-122.26100000000001,37
643,20150512,729500.0,3,2.5,1660,1091,3.0,0,1,3,9,1530,130,47.5818,-122.402,0
644,20140930,430000.0,3,2.5,2360,6699,2.0,0,0,3,7,2360,0,47.5317,-121.853,11
645,20150409,240000.0,3,1.75,1760,6500,1.0,0,0,3,7,1150,610,47.3647,-122.05,28
646,20150320,545000.0,3,1.75,1680,6200,1.5,0,0,3,7,1680,0,47.5338,-122.384,99
647,20140707,530000.0,3,1.75,1320,2500,1.0,0,0,3,7,870,450,47.6681,-122.305,96
648,20141118,157000.0,1,1.0,870,26326,1.0,0,0,3,6,870,0,47.4152,-122.3,75
649,20150407,425000.0,4,1.0,1260,7645,1.5,0,0,3,6,1260,0,47.5044,-122.35,90
650,20141117,220000.0,3,1.0,1000,6020,1.0,0,0,3,6,1000,0,47.4793,-122.346,70
651,20141124,521000.0,4,1.75,2020,36400,1.0,0,0,4,8,1550,470,47.7627,-122.07600000000001,38
652,20140523,325000.0,3,1.0,1920,6862,1.0,0,2,3,7,1120,800,47.5193,-122.274,62
653,20150403,597500.0,3,2.0,2150,5400,1.5,0,0,4,7,1380,770,47.555,-122.37899999999999,104
654,20140723,337000.0,3,2.5,1470,3976,2.0,0,0,3,7,1470,0,47.526,-121.82600000000001,15
655,20150422,1000000.0,3,2.5,3180,10492,2.0,0,2,3,10,3180,0,47.655,-122.124,24
656,20141120,3070000.0,3,2.5,3930,55867,1.0,1,4,4,8,2330,1600,47.7022,-122.22399999999999,57
657,20140507,495000.0,3,1.0,990,6000,1.0,0,0,3,6,990,0,47.6718,-122.26700000000001,71
658,20150102,748000.0,4,3.5,2770,3330,2.0,0,0,3,8,1970,800,47.6327,-122.109,14
659,20140902,888000.0,3,1.5,1250,8710,1.0,0,0,4,7,1250,0,47.6245,-122.198,61
660,20150324,269900.0,3,1.75,1140,22267,1.0,0,0,3,7,1140,0,47.4761,-121.758,29
661,20141113,496500.0,4,2.5,2250,14440,1.0,0,0,3,7,1550,700,47.5221,-122.045,47
662,20150121,475000.0,3,2.5,1640,5097,2.0,0,0,3,7,1640,0,47.7522,-122.27799999999999,46
663,20140527,312000.0,3,1.5,1255,1374,3.0,0,0,3,7,1255,0,47.7145,-122.311,10
664,20141124,323000.0,3,1.0,1290,12231,1.0,0,0,3,7,1290,0,47.7404,-122.11,38
665,20141124,331000.0,3,1.75,1300,9079,1.0,0,0,3,7,1300,0,47.4834,-122.15899999999999,28
666,20140514,306000.0,3,1.5,1220,1086,3.0,0,0,3,8,1220,0,47.7049,-122.353,7
667,20140930,655000.0,4,2.5,2630,4000,3.0,0,0,3,8,2630,0,47.6915,-122.381,12
668,20140709,290000.0,3,1.5,1950,15954,1.0,0,0,4,8,1950,0,47.336000000000006,-122.319,55
669,20140802,1250000.0,4,3.25,3160,5000,2.0,0,0,5,9,2360,800,47.6597,-122.274,49
670,20140616,460000.0,3,1.75,1550,4708,1.0,0,0,4,7,860,690,47.6759,-122.286,65
671,20140912,435000.0,4,2.5,1700,6380,1.0,0,0,4,7,850,850,47.6988,-122.319,74
672,20150316,664000.0,4,2.75,2510,11880,1.0,0,0,5,8,1630,880,47.5427,-122.181,37
673,20140729,865000.0,4,1.75,1800,4180,2.0,0,3,4,8,1800,0,47.6462,-122.318,93
674,20140813,385000.0,3,1.75,1800,18000,1.0,0,0,3,8,1200,600,47.4406,-122.146,46
675,20140718,497000.0,3,2.25,1870,9315,1.0,0,0,3,7,1350,520,47.705,-122.20200000000001,39
676,20140623,280000.0,2,1.0,1010,3000,1.0,0,0,4,7,1010,0,47.4965,-121.785,89
677,20150127,188000.0,2,1.5,1120,17487,1.0,0,0,3,6,1120,0,47.5024,-122.271,91
678,20140930,478500.0,3,1.0,2090,4755,1.0,0,2,3,8,1200,890,47.5304,-122.387,45
679,20140731,1145000.0,4,3.5,4370,18361,2.0,0,0,3,11,4370,0,47.544,-121.87200000000001,13
680,20140815,222000.0,3,2.0,1440,7187,1.0,0,0,4,7,970,470,47.291000000000004,-122.368,33
681,20140528,799000.0,4,3.0,2580,209523,2.0,0,0,3,8,2580,0,47.6932,-122.006,30
682,20140609,609900.0,4,2.5,3190,7399,2.0,0,0,3,10,3190,0,47.3558,-122.00399999999999,8
683,20141016,413000.0,4,3.5,2380,5809,2.0,0,0,4,7,1750,630,47.5536,-122.359,19
684,20141013,400000.0,4,1.0,1420,4875,1.5,0,0,3,7,1420,0,47.6942,-122.321,84
685,20150105,802541.0,5,2.75,2990,6768,2.0,0,0,3,9,2990,0,47.5462,-122.182,1
686,20140519,320000.0,3,2.5,2680,7757,2.0,0,0,3,8,2680,0,47.2918,-122.346,24
687,20150311,507000.0,4,2.5,2730,7649,2.0,0,0,3,7,2730,0,47.5441,-121.882,9
688,20140924,387500.0,3,1.0,1220,8329,1.0,0,0,3,6,1220,0,47.6982,-122.29799999999999,68
689,20150224,396000.0,3,1.0,1500,12616,1.0,0,0,3,7,1500,0,47.7415,-122.101,48
690,20140821,373000.0,3,1.75,1830,11788,1.0,0,1,3,8,1430,400,47.4862,-122.22399999999999,56
691,20140923,1484900.0,5,2.5,4570,19252,2.0,0,0,5,10,4570,0,47.5553,-122.22,49
692,20140721,359900.0,4,2.25,2470,7698,2.0,0,0,3,8,2470,0,47.4406,-122.141,31
693,20150304,410000.0,2,1.0,800,4342,1.0,0,0,3,6,670,130,47.6997,-122.316,88
694,20140712,690000.0,4,2.5,2900,23488,2.0,0,0,3,9,2900,0,47.6726,-122.03,22
695,20140625,245000.0,3,2.0,1410,5760,1.0,0,0,3,7,1410,0,47.3702,-122.185,29
696,20141229,700000.0,5,2.5,2830,25958,1.0,0,1,5,8,1610,1220,47.5896,-122.083,35
697,20140922,268000.0,4,1.75,1680,9966,1.0,0,0,3,7,1100,580,47.3923,-122.311,37
698,20140610,225000.0,3,1.75,1760,26055,1.0,0,0,3,7,920,840,47.3664,-122.1,35
699,20141009,980000.0,4,2.25,2240,11034,2.0,0,0,3,8,2240,0,47.5894,-122.195,38
700,20150407,795000.0,2,1.0,1380,5000,1.5,0,2,3,5,1380,0,47.5708,-122.359,110
701,20150504,195000.0,2,1.0,820,5100,1.0,0,0,3,6,820,0,47.5156,-122.262,62
702,20141103,480000.0,4,2.0,2180,10575,1.0,0,0,2,6,1730,450,47.589,-122.177,64
703,20141219,485000.0,4,2.0,1400,3600,1.0,0,0,3,7,1100,300,47.6385,-122.37,114
704,20140815,130000.0,2,1.0,880,9000,1.0,0,0,3,5,880,0,47.4672,-122.291,86
705,20140804,325000.0,2,1.0,1060,5703,1.0,0,2,4,6,1060,0,47.3444,-122.32700000000001,68
706,20150413,440000.0,3,1.75,1530,7245,1.0,0,0,4,7,1530,0,47.731,-122.191,31
707,20141014,550000.0,4,1.75,2480,14782,1.0,0,3,3,8,1460,1020,47.7646,-122.271,56
708,20140805,310000.0,3,1.75,1490,7150,1.0,0,0,5,6,1490,0,47.5015,-122.124,47
709,20140701,530000.0,3,2.5,3660,39478,2.0,0,2,4,9,3260,400,47.2413,-121.97200000000001,25
710,20140625,390000.0,4,2.5,2340,8548,2.0,0,0,3,8,2340,0,47.4206,-122.18299999999999,21
711,20140908,243000.0,3,1.75,1450,12125,1.0,0,0,4,7,1450,0,47.3575,-122.28,33
712,20140722,639000.0,4,2.5,2210,9875,2.0,0,0,3,9,2210,0,47.6285,-122.025,24
713,20140918,215000.0,4,1.0,1130,7400,1.0,0,0,4,7,1130,0,47.3437,-122.316,45
714,20150304,405000.0,5,1.75,1550,10500,1.0,0,0,3,7,1100,450,47.7573,-122.22,54
715,20141222,250000.0,4,1.75,1710,7140,1.0,0,0,5,7,1010,700,47.3745,-122.275,46
716,20140715,405500.0,3,1.5,1010,8108,1.0,0,0,5,7,1010,0,47.7359,-122.309,60
717,20140728,452000.0,6,2.25,2660,13579,2.0,0,0,3,7,2660,0,47.7142,-122.286,24
718,20150102,730000.0,6,2.25,2660,13579,2.0,0,0,3,7,2660,0,47.7142,-122.286,25
719,20150414,267000.0,3,2.0,1300,9644,1.0,0,0,3,7,1300,0,47.3131,-121.99799999999999,21
720,20140808,289950.0,3,2.5,1670,6186,2.0,0,0,3,7,1670,0,47.3668,-122.031,12
721,20140728,565000.0,2,1.0,960,4080,1.0,0,0,5,7,960,0,47.6893,-122.34899999999999,103
722,20140808,1578000.0,4,3.25,4670,51836,2.0,0,0,4,12,4670,0,47.635,-122.164,26
723,20150420,636000.0,3,2.5,2140,2770,2.0,0,0,3,8,1770,370,47.6664,-122.131,8
724,20140918,350000.0,5,3.0,2520,5500,1.0,0,0,3,8,1550,970,47.4938,-122.255,10
725,20140604,320000.0,3,1.5,1650,9380,1.0,0,0,5,7,1130,520,47.4525,-122.162,36
726,20140613,210000.0,2,1.75,1440,5680,1.0,0,0,4,8,1440,0,47.3825,-122.319,36
727,20140910,245000.0,2,1.0,1050,5900,1.0,0,0,3,7,1050,0,47.5326,-122.376,64
728,20141106,328000.0,3,1.75,1470,7650,1.0,0,0,3,7,1130,340,47.4818,-122.161,31
729,20140509,985000.0,4,2.25,4230,37769,2.0,0,0,3,11,4230,0,47.7287,-122.07700000000001,25
730,20140612,501000.0,3,1.75,1970,7972,1.0,0,3,5,8,1370,600,47.4908,-122.225,38
731,20140917,315000.0,3,2.25,1540,17424,2.0,0,0,3,7,1540,0,47.4429,-121.759,22
732,20140508,403000.0,3,2.75,2090,8354,2.0,0,0,3,8,2090,0,47.7336,-121.965,2
733,20140715,550000.0,3,2.0,2380,17950,2.0,0,0,4,8,2110,270,47.7591,-122.28,80
734,20150113,347500.0,4,2.5,2156,3562,2.0,0,0,3,9,2156,0,47.3591,-122.20100000000001,3
735,20141006,365000.0,4,2.25,2070,8893,2.0,0,0,4,8,2070,0,47.4388,-122.162,28
736,20150224,588000.0,3,1.0,1910,8167,1.0,0,0,4,8,1270,640,47.7004,-122.368,64
737,20140820,605000.0,3,1.75,1920,7400,1.0,0,0,4,8,1260,660,47.5633,-122.131,37
738,20141113,1300000.0,3,3.25,3400,5979,2.0,0,0,4,9,2290,1110,47.6585,-122.273,77
739,20141119,233000.0,3,2.0,1400,9177,1.0,0,0,3,7,1400,0,47.3415,-122.272,40
740,20140728,360000.0,4,2.5,2210,17715,2.0,0,0,3,8,2210,0,47.3818,-122.2,17
741,20141215,459000.0,2,1.75,1170,4887,1.0,0,0,3,6,1020,150,47.695,-122.366,85
742,20141107,740000.0,3,2.0,2100,72745,1.0,0,0,4,9,2100,0,47.7479,-122.06200000000001,19
743,20140917,305000.0,3,1.0,1160,9750,1.0,0,0,3,7,1160,0,47.7422,-122.073,47
744,20140620,395000.0,3,1.0,1500,4000,1.0,0,0,3,6,900,600,47.6921,-122.38,89
745,20150123,560000.0,4,2.5,2940,6000,2.0,0,0,3,8,2940,0,47.7533,-122.198,15
746,20140714,650000.0,4,1.75,2010,5070,1.0,0,1,4,7,1300,710,47.5793,-122.402,51
747,20140605,449950.0,3,2.5,2170,4912,2.0,0,0,3,7,2170,0,47.7767,-122.23899999999999,11
748,20150224,517500.0,3,1.5,1430,5200,1.0,0,3,4,7,1250,180,47.6988,-122.387,75
749,20140903,435000.0,4,1.5,1510,6460,1.0,0,0,3,7,1070,440,47.7121,-122.214,44
750,20150409,329999.0,3,1.0,1150,6908,1.0,0,0,3,6,800,350,47.7447,-122.31299999999999,63
751,20141210,950000.0,3,1.75,2150,4200,1.0,0,4,5,8,1140,1010,47.5671,-122.405,54
752,20140730,447000.0,3,1.0,1370,6001,1.0,0,0,5,7,1230,140,47.5646,-122.31700000000001,70
753,20140828,699800.0,2,2.5,2380,6600,1.0,0,0,3,8,2380,0,47.717,-122.02,4
754,20140603,850000.0,3,1.75,1370,3850,1.0,0,0,5,7,770,600,47.6374,-122.279,26
755,20140902,316500.0,3,1.75,1600,14250,1.0,0,0,3,7,1070,530,47.3272,-122.355,35
756,20140715,942500.0,5,3.5,3750,9612,1.0,0,2,4,9,2030,1720,47.5511,-122.15700000000001,33
757,20150121,1310000.0,2,2.25,3950,3938,2.0,0,4,3,10,2910,1040,47.5912,-122.384,24
758,20150202,856600.0,4,2.25,2400,13430,1.0,0,0,4,9,2400,0,47.5987,-122.178,51
759,20141024,405600.0,5,1.5,2830,4000,2.5,0,0,4,8,2830,0,47.5132,-122.262,96
760,20140529,565000.0,4,2.5,2440,22594,2.0,0,0,3,8,2440,0,47.6333,-121.97,18
761,20140911,400000.0,3,2.25,1190,1149,2.0,0,0,3,8,1050,140,47.5818,-122.387,6
762,20150324,330000.0,3,2.0,1400,218252,1.0,0,0,3,7,1400,0,47.7576,-121.934,18
763,20150227,374950.0,4,2.75,2730,4683,2.0,0,0,3,7,2730,0,47.3608,-122.04299999999999,10
764,20141217,405300.0,3,2.75,2390,7939,1.0,0,0,5,7,1610,780,47.4987,-122.166,31
765,20141104,560000.0,3,2.25,2060,31400,2.0,0,0,3,8,2060,0,47.6216,-122.056,30
766,20150324,824000.0,4,2.25,2490,9864,1.0,0,0,4,8,1290,1200,47.6051,-122.195,54
767,20140716,260000.0,3,1.75,1100,10968,1.0,0,0,5,7,1100,0,47.363,-122.08,30
768,20150107,760000.0,4,2.5,2430,6099,1.0,0,0,5,8,1470,960,47.6777,-122.287,50
769,20140624,405000.0,3,2.5,3170,12750,2.0,0,0,3,10,2360,810,47.3384,-122.336,19
770,20140619,429900.0,4,2.5,2640,8625,2.0,0,0,3,8,2640,0,47.4598,-122.15,27
771,20141113,341500.0,3,1.5,1130,7223,1.0,0,0,4,7,1130,0,47.5089,-122.189,53
772,20140612,465250.0,5,2.0,1940,7642,1.5,0,0,3,7,1940,0,47.7751,-122.38,57
773,20140506,450000.0,2,2.0,1100,3000,1.5,0,0,3,7,1100,0,47.6797,-122.36200000000001,9
774,20150209,390000.0,3,1.0,1200,10800,1.0,0,0,4,7,1200,0,47.5771,-122.14399999999999,60
775,20140502,420000.0,3,2.25,2000,8030,1.0,0,0,4,8,1000,1000,47.6188,-122.11399999999999,51
776,20140615,269950.0,3,2.5,1890,4838,2.0,0,0,3,8,1730,160,47.4802,-122.279,12
777,20141016,493000.0,4,2.0,1910,2874,1.0,0,0,3,7,1060,850,47.6101,-122.295,104
778,20140515,370000.0,4,2.5,2710,5880,2.0,0,0,3,9,2710,0,47.3314,-122.17200000000001,16
779,20140612,2250000.0,5,4.25,4860,9453,1.5,0,1,5,10,3100,1760,47.6196,-122.286,109
780,20150225,305000.0,3,1.0,1250,23680,1.0,0,0,5,7,1250,0,47.475,-122.11,48
781,20140612,400000.0,3,1.75,1590,8219,1.5,0,0,5,6,970,620,47.7146,-122.21700000000001,76
782,20141118,320000.0,3,1.5,1240,1221,2.0,0,0,3,8,1050,190,47.7073,-122.35600000000001,5
783,20150121,715000.0,4,1.0,2000,4800,2.0,0,0,4,7,2000,0,47.6583,-122.351,104
784,20141202,650000.0,6,2.75,3610,10003,1.5,0,0,4,8,3610,0,47.6261,-122.125,48
785,20150304,218000.0,5,1.75,1930,8040,1.0,0,0,4,8,1930,0,47.3109,-122.376,49
786,20150415,500000.0,2,1.0,1280,5400,1.0,0,0,3,7,1280,0,47.6949,-122.37100000000001,51
787,20141120,460000.0,4,2.0,2090,40419,1.0,0,0,4,7,2090,0,47.4691,-121.993,30
788,20140709,232500.0,3,1.5,1940,9887,1.0,0,0,4,7,1140,800,47.3289,-122.32700000000001,45
789,20140516,408200.0,3,2.5,1800,5761,2.0,0,0,4,7,1800,0,47.5293,-122.363,24
790,20140611,522000.0,3,1.75,1730,8400,1.0,0,0,4,7,1400,330,47.6792,-122.115,34
791,20140623,675000.0,4,2.5,2810,11120,2.0,0,0,3,9,2810,0,47.6337,-122.044,32
792,20140709,1355000.0,4,3.5,3550,11000,1.0,0,2,3,11,2260,1290,47.5506,-122.134,15
793,20141009,249950.0,4,1.0,1330,7980,1.5,0,0,3,6,1330,0,47.492,-122.333,62
794,20150304,210000.0,2,1.0,750,34133,1.0,0,0,3,6,750,0,47.4781,-122.294,65
795,20140711,429950.0,4,1.0,1760,7216,1.0,0,0,3,7,1090,670,47.7041,-122.355,67
796,20141006,737500.0,4,2.5,3200,36276,2.0,0,0,3,9,3200,0,47.6304,-121.994,21
797,20140926,710000.0,4,2.0,1740,9000,1.0,0,0,5,8,1740,0,47.6815,-122.198,56
798,20141020,470000.0,3,2.5,2100,4700,2.0,0,0,3,8,2100,0,47.5341,-121.867,15
799,20150224,1100000.0,4,3.5,4270,40097,1.0,0,0,4,12,4270,0,47.7354,-122.07799999999999,22
800,20140815,650000.0,3,2.0,1340,2720,1.5,0,0,3,7,1340,0,47.6518,-122.335,101
801,20140519,1216000.0,4,2.5,3190,8684,1.0,0,3,5,9,1680,1510,47.5619,-122.162,47
802,20150115,422120.0,3,2.5,1630,4534,2.0,0,0,3,8,1630,0,47.7148,-122.205,28
803,20150107,625000.0,5,2.5,2990,15085,2.0,0,0,3,9,2990,0,47.746,-122.21799999999999,8
804,20140606,385200.0,4,1.0,1550,7740,1.5,0,0,3,6,1550,0,47.5222,-122.375,60
805,20150414,500000.0,3,2.25,1690,4964,2.0,0,0,3,8,1690,0,47.5756,-122.01,26
806,20141118,308000.0,4,2.25,1960,12243,2.0,0,0,3,8,1960,0,47.3405,-122.05799999999999,25
807,20140605,565000.0,3,2.75,2390,9966,1.0,0,0,5,8,1360,1030,47.5433,-122.185,37
808,20140908,581000.0,3,2.5,2600,4438,2.0,0,0,3,7,2600,0,47.6799,-122.03399999999999,10
809,20140806,361000.0,3,2.0,1950,8698,1.0,0,0,3,8,1950,0,47.39,-122.15299999999999,15
810,20150122,345000.0,3,1.0,1250,7210,1.0,0,0,4,7,1250,0,47.6329,-122.12100000000001,51
811,20141016,419000.0,2,2.25,1180,1253,2.0,0,0,3,8,840,340,47.6124,-122.309,6
812,20150512,347000.0,3,2.5,1680,4308,2.0,0,0,3,7,1680,0,47.4802,-122.179,11
813,20141022,625000.0,4,2.25,2220,36085,2.0,0,0,3,9,2220,0,47.5839,-121.991,25
814,20150325,2400000.0,4,4.25,4890,15188,2.0,0,2,3,11,3090,1800,47.5602,-122.227,16
815,20141223,379000.0,3,3.25,2660,17852,2.5,0,0,3,8,2660,0,47.3077,-122.01100000000001,0
816,20141222,310000.0,3,1.5,1150,3323,2.0,0,0,3,7,1150,0,47.5707,-122.01700000000001,26
817,20150513,250000.0,2,2.0,1130,5500,1.0,0,0,4,6,1130,0,47.3839,-122.225,74
818,20140814,682000.0,5,2.75,2760,5000,2.0,0,0,3,9,2760,0,47.538999999999994,-122.18799999999999,9
819,20140721,246500.0,3,2.0,1430,8919,1.0,0,0,3,7,1430,0,47.2118,-121.98299999999999,22
820,20141029,325000.0,3,1.0,1490,57381,1.5,0,0,4,5,1490,0,47.2597,-122.228,82
821,20140806,310950.0,4,2.5,2030,4997,2.0,0,0,3,8,2030,0,47.393,-122.184,10
822,20140901,1100000.0,3,2.0,3010,5000,2.0,0,2,5,9,1890,1120,47.6347,-122.396,83
823,20141002,287500.0,3,1.0,1810,7200,1.0,0,0,4,7,1130,680,47.7493,-122.351,60
824,20150218,431000.0,3,1.0,1810,7200,1.0,0,0,4,7,1130,680,47.7493,-122.351,61
825,20140822,226000.0,3,1.0,970,5000,1.0,0,0,3,6,970,0,47.5282,-122.279,46
826,20150512,825000.0,3,1.75,2010,3090,1.5,0,0,5,7,1510,500,47.681999999999995,-122.348,89
827,20140911,175000.0,4,1.0,1300,6030,1.5,0,0,3,6,1300,0,47.4778,-122.286,67
828,20140515,465750.0,3,1.5,1260,10350,1.0,0,0,3,7,1260,0,47.6357,-122.12299999999999,55
829,20150319,659000.0,4,2.25,2610,24931,2.0,0,0,3,8,2610,0,47.5771,-122.05,32
830,20150210,595000.0,3,1.75,1910,5753,1.0,0,3,3,8,1110,800,47.6898,-122.32700000000001,74
831,20140626,350000.0,3,2.25,1780,16290,2.0,0,0,4,8,1780,0,47.4622,-122.12700000000001,27
832,20140606,270000.0,4,2.25,1900,8600,1.0,0,0,4,8,1900,0,47.3102,-122.381,39
833,20140911,662500.0,6,2.25,2450,25600,1.0,0,2,3,7,1340,1110,47.6061,-122.117,57
834,20141120,249900.0,3,1.75,1380,14000,1.0,0,0,4,5,1380,0,47.294,-122.281,57
835,20150317,324500.0,3,1.75,1920,11340,1.0,0,0,4,7,1230,690,47.3272,-122.36200000000001,38
836,20140718,430000.0,2,1.75,1350,4003,1.0,0,0,3,8,1350,0,47.7176,-122.03299999999999,10
837,20150513,419950.0,2,1.75,1350,4003,1.0,0,0,3,8,1350,0,47.7176,-122.03299999999999,11
838,20140728,285000.0,4,1.75,2510,7440,1.0,0,2,4,8,1290,1220,47.3748,-122.27600000000001,52
839,20150107,332000.0,4,2.5,2470,7780,2.0,0,0,3,8,2470,0,47.3337,-122.191,13
840,20141215,282000.0,4,1.75,1660,10725,1.0,0,0,3,7,960,700,47.5033,-122.3,58
841,20141118,320000.0,3,1.0,1340,5175,1.0,0,0,3,7,940,400,47.7321,-122.34,27
842,20140509,428750.0,3,1.0,1620,30736,1.5,0,0,4,7,1620,0,47.5719,-122.119,37
843,20150114,330000.0,3,2.25,2300,35287,2.0,0,0,3,8,2300,0,47.2477,-121.93700000000001,38
844,20141209,456500.0,4,3.5,2000,2309,3.0,0,0,3,8,2000,0,47.7027,-122.361,6
845,20140509,352000.0,3,2.25,1640,11050,1.0,0,0,4,8,1640,0,47.4723,-122.12100000000001,42
846,20141125,664000.0,4,2.0,1530,4080,1.5,0,0,4,7,1530,0,47.6645,-122.325,102
847,20140722,628000.0,3,1.75,4000,11894,1.0,0,0,3,9,2190,1810,47.7738,-122.20299999999999,27
848,20150304,512000.0,3,1.75,1610,12555,1.0,0,0,3,7,1080,530,47.6618,-122.13600000000001,38
849,20141211,254000.0,3,2.0,2070,9000,1.0,0,0,4,7,1450,620,47.3085,-122.376,45
850,20140521,535800.0,4,2.5,1900,5790,2.0,0,0,3,8,1900,0,47.5691,-121.99600000000001,20
851,20141010,287653.0,3,1.0,1050,16050,1.0,0,0,4,7,1050,0,47.3841,-122.006,33
852,20140731,438000.0,3,2.5,1520,1304,2.0,0,0,3,8,1180,340,47.5446,-122.385,8
853,20140716,450000.0,4,1.75,2390,23899,1.0,0,0,3,7,1750,640,47.7557,-122.23700000000001,65
854,20140627,327000.0,5,2.75,2400,8050,2.0,0,0,3,8,2400,0,47.2635,-122.209,16
855,20140812,370500.0,4,2.5,1790,6120,2.0,0,0,3,7,1790,0,47.4829,-122.12799999999999,9
856,20141022,265000.0,3,2.5,1720,6271,2.0,0,0,3,7,1720,0,47.3898,-122.04899999999999,21
857,20150310,450000.0,4,2.75,2980,13260,1.0,0,0,4,8,1800,1180,47.5152,-122.197,36
858,20140627,425000.0,3,1.0,1520,213444,1.5,0,3,5,8,1520,0,47.5081,-122.09299999999999,26
859,20141113,166600.0,3,1.75,1150,8690,1.0,0,0,4,7,1150,0,47.3729,-122.115,37
860,20140620,245000.0,1,0.75,380,15000,1.0,0,0,3,5,380,0,47.481,-122.323,51
861,20150508,565000.0,3,1.0,910,5212,1.0,0,0,3,7,910,0,47.6742,-122.28399999999999,64
862,20140811,539900.0,3,1.75,1650,10150,1.0,0,0,3,8,1230,420,47.6963,-122.169,38
863,20150303,910000.0,3,3.5,2480,3200,2.0,0,0,3,10,2480,0,47.5951,-122.307,5
864,20141104,280000.0,4,2.5,2050,7416,2.0,0,0,3,8,2050,0,47.2658,-122.219,24
865,20150313,275000.0,3,2.25,1420,8549,2.0,0,0,4,7,1420,0,47.3576,-122.039,26
866,20150427,467000.0,3,2.5,3460,6590,2.0,0,0,3,7,3460,0,47.4802,-122.18799999999999,14
867,20140731,457500.0,3,2.5,1500,4445,2.0,0,0,3,8,1500,0,47.5682,-122.005,18
868,20141226,381156.0,2,1.0,1320,3090,1.0,0,0,4,7,1320,0,47.5517,-122.27600000000001,106
869,20150423,289999.0,5,2.5,2180,8240,1.0,0,0,4,8,1220,960,47.3122,-122.191,38
870,20150422,642450.0,3,1.75,1830,4160,1.0,0,0,3,7,1230,600,47.5962,-122.288,96
871,20140919,469950.0,3,2.25,1620,8701,1.0,0,0,3,7,1220,400,47.6071,-122.137,52
872,20150305,795000.0,3,2.0,2920,13650,1.0,0,2,5,8,1460,1460,47.6652,-122.18799999999999,40
873,20150211,785000.0,4,2.5,3300,10514,2.0,0,0,3,10,3300,0,47.6323,-122.036,31
874,20140530,860000.0,3,2.25,3060,12095,2.0,0,0,3,10,3060,0,47.5611,-122.10600000000001,31
875,20140612,1095000.0,0,0.0,3064,4764,3.5,0,2,3,7,3064,0,47.6362,-122.322,24
876,20150213,147500.0,3,1.0,1530,8498,1.0,0,0,3,7,1530,0,47.403999999999996,-122.20299999999999,56
877,20141125,390000.0,3,2.0,1910,11576,1.0,0,0,3,7,1410,500,47.7356,-122.198,36
878,20141219,229000.0,3,1.0,1020,8100,1.0,0,0,3,7,1020,0,47.3586,-122.314,60
879,20140515,185000.0,3,1.0,1150,8100,1.0,0,0,3,6,1150,0,47.494,-122.307,82
880,20140826,414900.0,3,1.5,1260,9570,1.0,0,0,3,7,870,390,47.7004,-122.305,73
881,20150212,200000.0,4,2.0,1920,4822,1.0,0,0,2,6,920,1000,47.5507,-122.381,101
882,20141021,225000.0,4,2.25,1800,9350,1.0,0,0,3,8,1800,0,47.2959,-122.191,45
883,20140912,720000.0,3,1.75,2040,4000,2.0,0,0,5,7,1360,680,47.6675,-122.289,90
884,20140603,930000.0,4,2.5,2200,4000,2.0,0,0,5,8,1430,770,47.6402,-122.37,106
885,20140604,1270000.0,5,2.5,3200,17204,1.0,0,0,3,7,2160,1040,47.6209,-122.22200000000001,62
886,20141111,700000.0,5,3.25,2400,3118,2.0,0,0,4,7,1780,620,47.6094,-122.291,86
887,20140715,466000.0,2,1.5,1140,1058,3.0,0,0,3,7,1140,0,47.6608,-122.333,9
888,20140825,374000.0,3,1.5,1330,10640,1.0,0,0,3,7,1330,0,47.7364,-122.193,38
889,20140716,480000.0,3,2.5,1940,10035,2.0,0,0,4,8,1940,0,47.7438,-122.17200000000001,20
890,20140610,740000.0,3,2.5,3000,25341,2.0,0,0,3,9,3000,0,47.6724,-122.01299999999999,19
891,20141110,1010000.0,4,1.0,1820,5400,1.5,0,0,3,8,1820,0,47.6476,-122.318,0
892,20140530,395000.0,4,2.5,2910,5000,2.0,0,0,3,8,2910,0,47.3782,-122.12700000000001,12
893,20140725,340000.0,2,1.0,1090,6771,1.0,0,0,3,6,1090,0,47.5185,-122.352,60
894,20140811,209000.0,3,2.0,1230,1340,2.0,0,0,3,7,1020,210,47.526,-122.361,11
895,20141114,431650.0,5,2.5,1710,7700,1.5,0,0,3,7,1710,0,47.5922,-122.146,52
896,20140508,980000.0,5,2.5,3160,11470,1.0,0,0,4,9,1780,1380,47.5368,-122.21600000000001,43
897,20140805,660000.0,3,2.5,2680,28243,2.0,0,0,3,9,2680,0,47.7637,-122.05,21
898,20150311,730000.0,4,2.25,2190,9009,2.0,0,0,4,8,1840,350,47.6916,-122.18799999999999,38
899,20150414,291500.0,3,1.75,1260,9600,1.0,0,0,4,7,1260,0,47.3592,-122.07600000000001,27
900,20140620,905000.0,4,3.5,2970,14486,2.0,0,0,3,9,2340,630,47.5627,-122.215,17
901,20140811,800000.0,4,2.5,2570,50308,1.5,0,0,3,10,2570,0,47.7418,-122.039,21
902,20140509,839900.0,4,3.5,3810,13592,1.0,0,1,3,9,2560,1250,47.5134,-122.2,1
903,20140714,200000.0,1,1.5,1010,1157,2.0,0,0,3,8,950,60,47.5492,-122.37200000000001,7
904,20150218,300000.0,3,2.0,1480,6698,1.0,0,0,4,7,1080,400,47.4614,-122.16799999999999,36
905,20140603,530000.0,3,1.75,1250,6041,1.5,0,0,5,7,1250,0,47.69,-122.304,72
906,20150326,314950.0,3,2.25,1654,8479,2.0,0,0,3,7,1654,0,47.3627,-122.037,20
907,20141007,255000.0,3,1.75,1410,9315,1.0,0,0,5,7,1410,0,47.3969,-122.198,54
908,20141016,550000.0,5,2.75,2160,5720,1.0,0,0,5,7,1500,660,47.5728,-122.304,64
909,20140806,435000.0,3,1.0,1400,4800,1.0,0,0,4,6,700,700,47.5499,-122.391,97
910,20141124,234000.0,3,1.75,1420,8738,1.0,0,0,4,7,1420,0,47.3113,-122.20700000000001,48
911,20141010,615000.0,4,2.25,2500,10062,1.0,0,0,3,8,1600,900,47.638999999999996,-122.1,39
912,20140910,205000.0,3,2.0,1410,8384,1.0,0,0,3,7,1410,0,47.3315,-122.26299999999999,29
913,20140919,384000.0,4,1.75,2100,7135,1.0,0,0,4,7,1050,1050,47.5353,-122.34899999999999,59
914,20140522,324000.0,3,2.5,1750,7208,2.0,0,0,3,8,1750,0,47.4315,-122.19200000000001,20
915,20140722,645000.0,3,1.75,2070,5500,1.0,0,0,4,7,1130,940,47.6733,-122.301,68
916,20141023,570000.0,3,3.25,1570,1777,2.0,0,0,3,8,1260,310,47.6655,-122.369,7
917,20141210,324000.0,3,2.5,1920,5322,2.0,0,0,3,8,1920,0,47.4095,-122.195,15
918,20140828,270000.0,2,1.0,1000,10320,1.0,0,0,3,6,1000,0,47.527,-122.35600000000001,71
919,20140519,290000.0,5,1.5,2120,7700,1.5,0,0,5,7,2120,0,47.4599,-122.17200000000001,52
920,20140630,250000.0,3,2.0,1440,9220,1.0,0,0,3,7,1440,0,47.3702,-122.31700000000001,49
921,20150120,342000.0,3,1.75,1660,16275,2.0,0,0,3,7,1660,0,47.6903,-121.915,25
922,20150318,255000.0,3,1.5,1340,8450,1.0,0,0,4,7,1340,0,47.4405,-122.28,57
923,20140623,800000.0,3,2.25,2380,11824,1.0,0,0,4,9,1450,930,47.5371,-122.21799999999999,42
924,20140516,451000.0,3,1.75,1560,4049,1.5,0,2,3,7,1000,560,47.5666,-122.375,88
925,20141203,990000.0,4,2.5,2780,10480,1.0,0,3,3,7,1390,1390,47.6597,-122.204,47
926,20140520,288400.0,4,2.5,1860,6687,1.0,0,0,4,7,1220,640,47.4046,-122.186,31
927,20150310,420000.0,3,1.5,2390,4600,2.0,0,0,3,8,1750,640,47.5383,-122.26799999999999,20
928,20150514,359000.0,2,2.75,1370,1140,2.0,0,0,3,8,1080,290,47.7052,-122.34299999999999,6
929,20140808,390000.0,4,3.0,2570,262018,1.0,0,0,3,7,1420,1150,47.4417,-122.09,26
930,20140902,300000.0,3,2.5,1320,2614,2.0,0,0,3,7,1320,0,47.5355,-122.28299999999999,9
931,20150305,545000.0,5,2.5,2520,7863,1.0,0,0,3,7,1500,1020,47.7096,-122.199,34
932,20150408,288349.0,3,1.0,1250,18616,1.0,0,0,4,6,1250,0,47.3414,-122.04700000000001,43
933,20150205,299900.0,3,2.25,1560,35026,1.0,0,0,3,7,1290,270,47.3023,-122.069,30
934,20140717,891000.0,4,2.0,2330,5000,1.5,0,0,5,7,1720,610,47.6804,-122.35799999999999,89
935,20150331,1200000.0,3,2.0,3660,22410,1.0,0,3,4,9,1830,1830,47.6972,-122.4,68
936,20150205,378000.0,4,2.5,2790,4650,2.0,0,0,3,8,2790,0,47.3556,-122.02600000000001,11
937,20140623,299995.0,2,1.0,1060,7200,1.0,0,0,4,6,1060,0,47.7463,-122.315,63
938,20141007,253000.0,3,2.5,2020,6564,1.0,0,0,3,7,1310,710,47.3545,-122.15799999999999,20
939,20150120,350000.0,3,2.25,1580,47916,1.0,0,0,3,7,1580,0,47.5583,-121.852,36
940,20150311,565000.0,4,3.0,2020,4300,1.5,0,0,3,6,2020,0,47.6653,-122.37200000000001,115
941,20140612,315000.0,2,1.0,970,5665,1.0,0,0,4,6,970,0,47.5513,-122.273,106
942,20141022,570000.0,4,3.0,1490,6766,1.5,0,1,5,7,1490,0,47.5446,-122.382,99
943,20140811,971000.0,5,3.5,4390,10140,2.0,0,0,3,9,3350,1040,47.7174,-122.28200000000001,9
944,20140828,915000.0,5,2.5,2750,5589,1.5,0,0,5,9,1840,910,47.6364,-122.3,104
945,20150112,419000.0,4,1.5,2150,23568,1.0,0,0,4,7,2150,0,47.4522,-122.355,65
946,20150209,260000.0,4,1.75,1810,7480,1.0,0,0,3,7,1230,580,47.3275,-122.361,38
947,20150408,1321500.0,3,3.0,2230,12968,2.0,0,0,3,9,2230,0,47.6271,-122.197,25
948,20150306,369950.0,3,1.0,2430,10720,1.0,0,0,3,7,2430,0,47.4895,-121.787,38
949,20141015,1029900.0,3,2.5,3680,13384,2.0,0,0,3,10,3680,0,47.5484,-122.119,20
950,20150506,435000.0,5,1.0,1410,6750,1.5,0,0,3,6,1410,0,47.5453,-122.27799999999999,86
951,20150325,601000.0,3,1.75,1330,6743,1.0,0,0,3,8,1330,0,47.7012,-122.286,13
952,20140716,460500.0,3,1.0,1490,10650,1.0,0,0,3,7,1150,340,47.663000000000004,-122.178,51
953,20140521,720000.0,3,2.5,2020,1159,3.0,0,3,3,8,2020,0,47.6617,-122.35600000000001,14
954,20150421,851000.0,4,2.5,3130,13202,2.0,0,0,3,10,3130,0,47.5878,-121.976,19
955,20140904,550000.0,4,3.0,2670,5000,2.0,0,2,3,7,2670,0,47.5784,-122.37700000000001,36
956,20150323,700000.0,4,1.0,1980,4560,1.5,0,0,3,7,1980,0,47.6606,-122.331,95
957,20140908,323000.0,3,1.75,2100,14850,1.0,0,0,4,7,2100,0,47.3622,-122.059,51
958,20140922,345500.0,3,1.0,1350,8581,1.0,0,0,5,6,1350,0,47.7612,-122.36200000000001,70
959,20141203,378000.0,4,1.5,2140,7920,1.0,0,0,3,7,1190,950,47.5491,-122.272,55
960,20141112,650000.0,4,2.0,2208,5000,3.0,0,0,5,8,2208,0,47.5711,-122.383,97
961,20150413,385000.0,3,2.0,1010,7380,1.0,0,0,3,7,1010,0,47.6273,-122.06200000000001,33
962,20140916,425000.0,2,1.0,970,2970,1.0,0,0,3,7,970,0,47.6233,-122.319,104
963,20141202,210000.0,4,2.0,1520,6174,1.5,0,0,5,6,1520,0,47.2105,-121.98899999999999,94
964,20140528,630000.0,4,2.5,2740,43101,2.0,0,0,3,9,2740,0,47.7649,-122.04899999999999,21
965,20140730,335000.0,3,1.75,1570,7500,1.0,0,1,3,7,1300,270,47.4999,-122.368,61
966,20140625,196500.0,3,1.0,1320,9000,1.0,0,0,3,7,1320,0,47.3461,-122.272,48
967,20140515,582800.0,4,2.75,2550,7636,1.0,0,0,3,8,1440,1110,47.6471,-122.06,28
968,20140623,440000.0,3,1.75,1560,7207,1.0,0,0,3,7,1250,310,47.7283,-122.22200000000001,31
969,20140825,752500.0,4,2.25,2360,8616,2.0,0,0,4,8,2360,0,47.6495,-122.198,40
970,20141028,532500.0,3,1.75,1330,5000,2.0,0,0,4,7,1210,120,47.5724,-122.384,105
971,20150506,265000.0,3,1.0,1070,9000,1.0,0,0,4,7,1070,0,47.4061,-122.33,65
972,20150202,397500.0,3,1.25,1510,13737,1.0,0,3,4,6,810,700,47.7289,-122.28299999999999,54
973,20140724,524250.0,3,2.5,1710,3469,2.0,0,0,3,8,1710,0,47.54600000000001,-122.01100000000001,15
974,20140509,765000.0,4,2.75,2790,10819,2.0,0,0,3,10,2790,0,47.5515,-122.08,18
975,20140806,648000.0,4,2.5,2620,5450,2.0,0,0,3,9,2620,0,47.6301,-122.01899999999999,13
976,20140812,469500.0,5,2.5,2970,24759,1.0,0,0,4,8,1670,1300,47.3908,-122.17299999999999,45
977,20150324,237500.0,3,1.75,1050,7854,1.0,0,0,4,7,1050,0,47.3011,-122.369,40
978,20150121,216000.0,3,1.0,1280,8712,1.0,0,0,4,7,1280,0,47.3298,-122.29700000000001,59
979,20150330,427200.0,3,1.0,1030,8400,1.0,0,0,4,7,1030,0,47.5364,-122.17299999999999,52
980,20150311,280000.0,3,2.25,1900,7800,1.0,0,0,4,8,1390,510,47.4545,-122.208,38
981,20150425,718000.0,5,3.0,3070,9804,1.0,0,0,4,9,1740,1330,47.5702,-122.12799999999999,47
982,20150310,420000.0,2,2.75,1760,4139,2.0,0,0,3,8,1760,0,47.5175,-121.87799999999999,5
983,20140916,379000.0,2,1.0,930,5400,1.0,0,0,3,7,930,0,47.6971,-122.37200000000001,62
984,20140527,326100.0,2,1.0,880,7683,1.0,0,0,3,6,880,0,47.7145,-122.361,72
985,20140529,535000.0,3,2.5,1360,1016,3.0,0,0,3,7,1310,50,47.6774,-122.324,11
986,20141001,283000.0,4,2.75,2130,8560,1.0,0,0,3,7,1560,570,47.1949,-122.01,22
987,20140821,260000.0,3,1.0,1480,7469,1.5,0,0,3,6,1120,360,47.5048,-122.301,74
988,20150413,399000.0,4,1.0,1500,6388,1.5,0,0,4,7,1500,0,47.5303,-122.37799999999999,64
989,20150225,484950.0,3,2.25,1670,5004,2.0,0,0,3,8,1670,0,47.5688,-122.01700000000001,28
990,20141013,640000.0,4,1.75,2060,9828,1.0,0,0,4,8,2060,0,47.5867,-122.17399999999999,54
991,20150304,585000.0,4,2.5,2160,8158,1.0,0,0,4,8,1660,500,47.6948,-122.32799999999999,63
992,20150108,645000.0,4,2.0,2780,11583,1.0,0,3,3,8,1190,1590,47.7293,-122.28399999999999,60
993,20150505,253000.0,3,2.0,1490,7651,1.0,0,0,3,7,1490,0,47.3211,-122.325,27
994,20140721,178500.0,2,1.0,740,6460,1.0,0,0,3,6,740,0,47.5077,-122.344,61
995,20140821,291000.0,4,2.5,1860,6325,2.0,0,0,4,7,1860,0,47.3492,-122.03,23
996,20140917,199950.0,2,2.75,1590,20917,1.5,0,0,3,5,1590,0,47.2786,-122.25,94
997,20140804,553500.0,2,1.0,850,2340,1.0,0,0,3,7,850,0,47.6707,-122.32799999999999,92
998,20150415,189950.0,2,1.0,1030,4188,1.0,0,0,3,8,1030,0,47.3738,-122.057,34
999,20140924,289000.0,3,2.0,1850,9550,1.0,0,0,3,8,1850,0,47.3225,-122.273,26
1000,20150427,700000.0,4,2.0,1830,4590,2.0,0,0,3,8,1830,0,47.6593,-122.32700000000001,107
1001,20141022,270000.0,3,2.0,1560,8853,1.0,0,0,3,7,1560,0,47.4312,-122.171,47
1002,20140508,258000.0,4,1.75,1730,8320,1.0,0,0,3,7,1230,500,47.327,-122.361,37
1003,20140614,530000.0,3,2.5,1930,7214,2.0,0,0,3,8,1930,0,47.7191,-122.309,9
1004,20141218,245000.0,3,2.25,1422,3677,2.0,0,0,3,7,1422,0,47.3204,-122.178,2
1005,20150422,563000.0,3,2.0,1380,5000,1.5,0,0,4,7,1380,0,47.6807,-122.369,98
1006,20141119,515000.0,3,2.5,2430,4203,2.0,0,0,3,8,2430,0,47.5346,-121.875,13
1007,20140617,325000.0,4,2.5,2610,7091,2.0,0,0,3,9,2610,0,47.3017,-122.34899999999999,27
1008,20150402,540000.0,3,2.25,2000,217800,2.0,0,0,3,8,2000,0,47.5599,-121.911,19
1009,20141210,280300.0,2,1.0,920,5000,1.0,0,0,4,6,490,430,47.7008,-122.338,65
1010,20140509,460000.0,4,1.75,1750,5500,1.5,0,0,5,7,1050,700,47.6802,-122.38799999999999,88
1011,20141212,475000.0,3,1.75,2020,8970,1.0,0,0,4,7,1180,840,47.7571,-122.145,33
1012,20140612,900000.0,4,2.25,2460,44431,1.0,0,0,4,9,2460,0,47.6042,-122.147,57
1013,20141230,538200.0,4,3.0,1780,7260,1.0,0,0,4,8,1780,0,47.626999999999995,-122.11399999999999,50
1014,20140909,429000.0,2,1.0,1080,3600,1.0,0,0,3,7,1080,0,47.6078,-122.291,92
1015,20140725,164808.0,3,1.0,1250,5411,1.0,0,0,3,7,1250,0,47.5064,-122.265,34
1016,20150126,520000.0,4,2.25,1870,7700,2.0,0,0,3,7,1870,0,47.6937,-122.12700000000001,38
1017,20140618,475000.0,3,1.75,1700,8432,1.0,0,0,3,8,1230,470,47.7221,-122.31700000000001,37
1018,20140926,283000.0,4,1.5,1480,47045,1.0,0,0,5,6,1480,0,47.4809,-122.3,72
1019,20150331,321500.0,4,2.5,1930,6228,2.0,0,0,3,8,1930,0,47.3572,-122.191,15
1020,20140729,840000.0,4,2.75,3130,21810,2.0,0,0,4,10,3130,0,47.7083,-122.073,21
1021,20150414,287000.0,3,2.25,1370,6000,2.0,0,0,4,7,1370,0,47.3484,-122.03299999999999,23
1022,20140605,375000.0,3,1.75,960,8106,1.0,0,0,3,7,960,0,47.6737,-122.156,52
1023,20140825,349500.0,3,1.75,1260,7128,1.0,0,0,4,7,1260,0,47.7263,-122.205,45
1024,20140814,446450.0,3,1.5,1480,7749,1.0,0,0,5,7,1480,0,47.5144,-122.37899999999999,54
1025,20140610,315000.0,4,2.5,1930,9643,2.0,0,0,4,7,1930,0,47.4065,-122.18,22
1026,20140520,271310.0,2,1.0,870,5340,1.5,0,0,2,6,870,0,47.5849,-122.302,108
1027,20150122,315000.0,4,1.0,1300,8400,1.5,0,0,4,7,1300,0,47.7612,-122.33200000000001,62
1028,20140515,245000.0,3,1.75,1490,6930,1.0,0,0,4,7,1490,0,47.3682,-122.179,24
1029,20150305,543115.0,2,1.0,1380,5484,1.0,0,0,3,8,1030,350,47.6382,-122.399,68
1030,20141020,900000.0,4,2.0,1190,8190,1.5,0,0,3,7,1190,0,47.6908,-122.397,69
1031,20150417,2450000.0,4,4.25,4250,6552,2.0,0,3,4,10,2870,1380,47.5747,-122.28299999999999,7
1032,20150429,554000.0,2,2.0,1920,6045,1.0,0,0,3,8,1920,0,47.7107,-122.031,12
1033,20140717,249900.0,3,1.75,2080,12522,1.0,0,0,5,6,2080,0,47.266999999999996,-122.25,64
1034,20140820,768000.0,3,2.5,3220,54160,2.0,0,2,4,9,2690,530,47.5468,-122.109,33
1035,20140523,980000.0,4,3.0,3680,5854,1.0,0,3,3,10,2060,1620,47.6327,-122.395,47
1036,20150420,395000.0,5,2.5,2070,9600,1.0,0,0,3,7,1270,800,47.4997,-122.36399999999999,53
1037,20150413,415000.0,3,1.75,1480,2200,2.0,0,0,3,7,1480,0,47.6969,-122.35,20
1038,20150220,380000.0,4,2.5,2000,6921,2.0,0,0,3,8,2000,0,47.3559,-122.014,12
1039,20150226,566000.0,3,2.5,1560,5259,2.0,0,0,3,8,1560,0,47.5985,-122.016,16
1040,20150316,218500.0,2,1.0,1600,8961,1.0,0,0,4,7,1390,210,47.3098,-122.21,66
1041,20140502,550000.0,4,2.5,1940,10500,1.0,0,0,4,7,1140,800,47.683,-122.11399999999999,38
1042,20140702,512031.0,3,1.75,1540,3000,1.0,0,2,3,7,770,770,47.6769,-122.36,94
1043,20150317,197500.0,2,1.0,820,8860,1.0,0,0,3,6,820,0,47.452,-122.19,65
1044,20140715,470000.0,3,2.25,1780,8784,1.0,0,0,3,7,1230,550,47.701,-122.17200000000001,37
1045,20150313,590000.0,3,1.75,1560,242629,1.0,0,0,3,7,1560,0,47.6493,-121.956,34
1046,20150318,465000.0,4,2.25,2210,8862,1.0,0,0,4,8,1270,940,47.7725,-122.198,38
1047,20140915,499000.0,2,1.75,2040,114562,1.0,0,0,4,7,2040,0,47.4985,-122.09200000000001,46
1048,20140825,515000.0,3,2.25,1920,11500,1.0,0,0,3,8,1920,0,47.5498,-122.18799999999999,14
1049,20141106,716500.0,3,1.75,1930,5000,1.0,0,0,3,9,1230,700,47.6582,-122.27799999999999,78
1050,20140517,410000.0,3,2.0,1700,4250,1.0,0,0,3,6,890,810,47.6542,-122.385,70
1051,20141022,850000.0,4,3.25,3450,6500,2.0,0,0,3,8,2450,1000,47.5437,-122.38799999999999,20
1052,20140522,1050000.0,4,3.25,3440,35021,2.0,0,0,3,10,3440,0,47.6476,-122.184,31
1053,20140609,648000.0,4,2.5,2380,13435,2.0,0,0,3,10,2380,0,47.5833,-122.02799999999999,22
1054,20140605,620000.0,4,2.25,2400,5350,1.5,0,0,4,7,1460,940,47.6763,-122.37,85
1055,20150202,935000.0,4,4.5,5670,84267,2.0,0,2,3,11,5670,0,47.323,-122.044,7
1056,20150319,379000.0,3,1.0,1140,10320,1.0,0,0,4,7,1140,0,47.7168,-122.196,52
1057,20140716,699000.0,3,1.75,1670,5375,1.0,0,0,3,7,1270,400,47.6416,-122.397,62
1058,20141230,528000.0,4,2.25,1910,8005,1.0,0,0,3,8,1280,630,47.7259,-122.29799999999999,54
1059,20150426,425000.0,3,1.75,1560,9452,1.0,0,0,4,8,1560,0,47.5197,-122.18,41
1060,20140623,249500.0,2,1.75,1500,8645,1.0,0,0,4,7,1500,0,47.3643,-122.115,51
1061,20140716,1035480.0,5,3.25,4475,6642,2.0,0,0,3,9,4475,0,47.6849,-122.01799999999999,0
1062,20140813,790000.0,4,2.75,2840,11900,1.0,0,3,4,9,1640,1200,47.5271,-122.38600000000001,53
1063,20140818,399950.0,3,1.0,1020,18050,1.0,0,0,3,7,1020,0,47.5254,-122.04299999999999,45
1064,20141021,275000.0,3,1.5,1410,9000,1.0,0,0,3,7,1410,0,47.7635,-122.35,61
1065,20150123,550000.0,3,1.0,1520,2500,1.5,0,0,3,8,1520,0,47.6347,-122.352,103
1066,20141105,140000.0,1,1.0,730,6890,1.0,0,0,4,4,730,0,47.467,-122.215,88
1067,20140725,250000.0,3,1.0,1190,6250,1.0,0,0,3,7,990,200,47.5658,-122.292,60
1068,20140903,318000.0,3,2.25,1410,8909,2.0,0,2,3,7,1410,0,47.3983,-122.31,26
1069,20140710,505000.0,2,1.0,1240,57000,1.0,0,0,3,7,1240,0,47.597,-122.059,52
1070,20150417,470500.0,5,2.5,2500,9248,1.0,0,0,3,8,1300,1200,47.5415,-122.18,49
1071,20140527,360000.0,3,1.0,1050,9206,1.5,0,0,3,7,1050,0,47.7071,-122.301,60
1072,20150319,1242500.0,4,2.75,2680,8500,1.0,0,4,4,9,1480,1200,47.5634,-122.156,53
1073,20150410,986000.0,3,2.5,2380,16080,1.0,0,2,4,9,1340,1040,47.5262,-122.38600000000001,51
1074,20150205,515000.0,2,1.0,1060,4228,1.0,0,0,3,7,860,200,47.6231,-122.29299999999999,109
1075,20150114,320000.0,3,1.75,2300,41900,1.0,0,0,4,8,1310,990,47.477,-122.292,76
1076,20150202,310000.0,4,3.0,2010,7426,1.0,0,0,5,7,1090,920,47.5042,-122.265,64
1077,20140530,356700.0,2,1.0,1090,5000,1.0,0,0,4,7,730,360,47.5258,-122.37799999999999,72
1078,20150422,775000.0,4,1.75,2320,5595,1.0,0,0,3,7,1510,810,47.6397,-122.38799999999999,59
1079,20150421,325000.0,3,1.0,1040,7541,1.0,0,0,3,6,1040,0,47.7565,-122.339,64
1080,20141002,208000.0,4,2.75,1810,8677,1.5,0,0,3,7,1810,0,47.3668,-122.31,52
1081,20140827,825000.0,2,1.0,1150,12775,1.0,1,4,4,6,1150,0,47.501999999999995,-122.22200000000001,106
1082,20140716,515000.0,3,2.5,2360,11254,1.0,0,2,3,9,2360,0,47.3356,-122.333,24
1083,20150127,490000.0,3,1.5,1970,3400,1.5,0,0,4,8,1420,550,47.6163,-122.292,86
1084,20140520,675000.0,4,3.0,2690,28300,1.0,0,0,3,8,2690,0,47.4458,-122.34299999999999,15
1085,20140717,360000.0,4,2.5,2080,4080,1.0,0,0,5,7,1040,1040,47.571999999999996,-122.29,52
1086,20150420,550000.0,4,2.5,2080,4080,1.0,0,0,5,7,1040,1040,47.571999999999996,-122.29,53
1087,20140725,225000.0,3,1.5,1370,9000,1.0,0,0,3,7,1370,0,47.4973,-122.32799999999999,52
1088,20150317,500000.0,3,2.75,3410,9360,1.5,0,0,4,8,3410,0,47.4497,-122.147,48
1089,20150427,385000.0,4,2.0,1850,11700,1.0,0,0,4,8,1850,0,47.4702,-122.12,46
1090,20140617,837700.0,5,2.75,3010,12611,2.0,0,0,3,10,3010,0,47.696000000000005,-122.102,20
1091,20150210,448000.0,3,2.25,1530,3056,2.0,0,0,3,7,1530,0,47.6817,-122.035,12
1092,20150507,730000.0,5,1.75,2690,21357,1.0,0,0,4,7,1420,1270,47.5831,-122.191,63
1093,20140714,575000.0,4,1.5,2810,7140,1.0,0,2,3,8,1490,1320,47.5252,-122.382,60
1094,20141118,430000.0,3,1.75,1810,7300,1.0,0,0,4,7,1240,570,47.7299,-122.19200000000001,38
1095,20150114,435000.0,3,2.5,1560,3987,2.0,0,0,3,7,1560,0,47.687,-122.04299999999999,13
1096,20141219,241000.0,3,1.0,1010,9611,1.0,0,0,4,6,1010,0,47.3006,-122.066,41
1097,20150513,453500.0,2,1.75,1000,1760,1.0,0,0,4,6,600,400,47.6261,-122.355,91
1098,20150406,285000.0,2,1.5,990,1380,3.0,0,0,3,7,990,0,47.7218,-122.35600000000001,14
1099,20140528,151000.0,2,1.0,720,4222,1.0,0,0,4,5,720,0,47.4965,-122.186,72
1100,20141110,1570000.0,5,4.5,6070,14731,2.0,0,0,3,11,6070,0,47.5306,-122.134,10
1101,20141105,631000.0,5,2.0,2270,2400,2.0,0,0,3,7,2270,0,47.6051,-122.319,109
1102,20140602,285000.0,2,2.5,1380,1073,2.0,0,0,3,7,1140,240,47.5462,-122.369,3
1103,20150220,195000.0,3,1.0,1260,8378,1.0,0,0,4,6,840,420,47.3274,-122.348,38
1104,20150425,817500.0,4,2.5,2910,35679,2.0,0,0,4,9,2910,0,47.5859,-121.991,28
1105,20150109,550000.0,3,2.0,1810,12825,1.0,0,0,4,7,1810,0,47.5953,-122.14,55
1106,20140703,1127000.0,4,2.5,3160,8281,2.0,0,0,4,9,3160,0,47.6699,-122.195,19
1107,20141230,609850.0,2,2.75,1910,1369,3.0,0,0,3,9,1910,0,47.6544,-122.37299999999999,12
1108,20150106,200000.0,3,1.0,1230,4380,1.0,0,0,3,6,1230,0,47.5352,-122.361,68
1109,20150306,367000.0,4,2.5,2960,6219,2.0,0,0,3,9,2960,0,47.3603,-122.037,9
1110,20140825,285167.0,3,2.25,2200,8375,2.0,0,0,3,8,2200,0,47.2626,-122.21799999999999,26
1111,20150402,275000.0,2,1.5,1270,32175,1.0,0,0,4,7,1270,0,47.3347,-122.304,68
1112,20150324,350900.0,4,2.5,2540,12843,2.0,0,0,3,9,2540,0,47.3866,-122.169,23
1113,20140620,660000.0,4,3.25,3030,9273,2.0,0,0,5,8,3030,0,47.5747,-122.014,26
1114,20140819,525000.0,3,1.75,1520,8835,1.0,0,0,4,7,1520,0,47.6054,-122.118,57
1115,20150206,262000.0,4,2.5,1560,7800,2.0,0,0,3,7,1560,0,47.513999999999996,-122.316,18
1116,20140623,690000.0,2,1.0,970,4560,1.0,0,0,4,7,970,0,47.6561,-122.33200000000001,107
1117,20150324,624000.0,5,3.75,3570,14648,2.0,0,0,3,9,3570,0,47.7377,-121.97399999999999,10
1118,20140506,353000.0,3,1.0,1350,7740,1.0,0,0,4,6,860,490,47.7098,-122.291,67
1119,20150311,552500.0,4,3.5,3710,10400,2.0,0,0,3,8,2290,1420,47.5041,-122.186,13
1120,20140509,224500.0,4,1.0,1430,8355,1.5,0,0,4,7,1430,0,47.3178,-122.17399999999999,31
1121,20150427,239000.0,3,1.0,940,8571,1.0,0,0,3,6,940,0,47.5006,-122.336,65
1122,20140711,975000.0,5,4.5,4300,12250,2.0,0,0,3,10,4300,0,47.5557,-122.027,10
1123,20140625,1200000.0,4,1.75,3990,13470,2.0,0,0,3,11,3990,0,47.5305,-122.131,8
1124,20150325,505000.0,3,1.0,1380,4000,1.5,0,0,3,7,1380,0,47.6261,-122.296,105
1125,20140515,302000.0,4,1.75,2020,7865,1.0,0,0,4,7,1010,1010,47.5008,-122.162,51
1126,20140922,170000.0,3,1.0,1480,5670,1.0,0,0,3,6,780,700,47.5175,-122.36,70
1127,20140707,195000.0,2,1.0,1190,27007,1.0,0,0,4,5,1190,0,47.523999999999994,-122.04,104
1128,20140909,272000.0,5,1.5,2550,6300,1.0,0,0,4,7,1560,990,47.5014,-122.17200000000001,55
1129,20150213,369000.0,5,1.5,2550,6300,1.0,0,0,4,7,1560,990,47.5014,-122.17200000000001,56
1130,20150114,332500.0,3,1.5,1500,6332,1.0,0,0,3,7,1500,0,47.7274,-122.31200000000001,62
1131,20150506,515000.0,3,2.5,3000,8250,1.0,0,0,4,8,1760,1240,47.6191,-122.11200000000001,52
1132,20140605,269000.0,3,1.0,1690,4250,1.0,0,0,3,7,1020,670,47.4945,-122.258,47
1133,20140730,1278000.0,4,4.0,4390,17832,1.0,0,0,4,11,2430,1960,47.5283,-122.14299999999999,20
1134,20150206,303000.0,3,2.5,1560,4100,2.0,0,0,3,7,1560,0,47.4733,-122.189,30
1135,20150105,420000.0,7,3.0,2940,8624,1.0,0,0,3,8,1690,1250,47.7555,-122.307,38
1136,20141110,400000.0,3,1.0,1130,4100,1.0,0,0,3,7,990,140,47.6856,-122.385,73
1137,20150204,225000.0,3,1.0,1020,8437,1.0,0,0,5,6,1020,0,47.2093,-122.0,28
1138,20140916,219000.0,2,2.0,1310,2550,2.0,0,0,3,6,1310,0,47.3496,-122.022,10
1139,20141231,605000.0,3,2.5,2570,9487,2.0,0,3,3,9,2570,0,47.7408,-122.21600000000001,25
1140,20141014,625000.0,4,2.0,2020,6867,1.0,0,0,5,8,1010,1010,47.7,-122.292,72
1141,20150224,380000.0,5,2.0,1680,3240,1.0,0,0,3,5,840,840,47.5965,-122.311,109
1142,20150424,620000.0,4,2.0,1770,7700,1.5,0,0,4,7,1770,0,47.5916,-122.146,53
1143,20140627,687500.0,4,2.75,3190,10970,2.0,0,0,3,10,3190,0,47.5862,-122.029,20
1144,20140723,225500.0,4,2.0,1440,7950,1.0,0,0,5,6,1440,0,47.4517,-122.08200000000001,52
1145,20141215,252500.0,3,2.0,1150,6000,1.0,0,0,5,7,1150,0,47.498000000000005,-122.26299999999999,58
1146,20141029,510000.0,3,2.5,1860,3658,2.0,0,0,3,8,1860,0,47.5703,-122.00399999999999,20
1147,20140507,510000.0,4,2.5,2430,5203,2.0,0,0,3,8,2430,0,47.7402,-122.31700000000001,11
1148,20140808,725000.0,3,2.5,1940,4000,1.5,0,0,5,7,1940,0,47.6372,-122.352,108
1149,20150217,75000.0,1,0.0,670,43377,1.0,0,0,3,3,670,0,47.2638,-121.906,49
1150,20150312,492000.0,2,1.0,880,2970,1.0,0,0,3,7,880,0,47.6868,-122.34899999999999,88
1151,20150311,425000.0,4,2.5,1930,14196,1.0,0,0,4,7,1330,600,47.7407,-122.09700000000001,38
1152,20150421,1955000.0,4,2.75,3120,7898,1.0,1,4,4,8,1560,1560,47.7165,-122.259,52
1153,20150309,298900.0,3,2.5,1830,6162,2.0,0,0,3,8,1830,0,47.3291,-122.17,21
1154,20150406,699000.0,4,2.5,3230,40319,2.0,0,0,4,10,3230,0,47.4856,-122.069,28
1155,20140702,310000.0,2,1.0,700,3000,1.0,0,0,4,6,700,0,47.6846,-122.346,96
1156,20141222,350000.0,3,1.75,1010,8580,1.0,0,0,3,7,1010,0,47.6703,-122.17399999999999,53
1157,20141229,790000.0,4,1.75,2460,10061,1.0,1,4,3,7,1410,1050,47.5105,-122.238,53
1158,20140729,305000.0,4,2.5,2230,5000,2.0,0,0,3,8,2230,0,47.3919,-122.184,11
1159,20141002,315000.0,3,2.5,1570,2865,2.0,0,0,3,7,1570,0,47.5412,-122.288,11
1160,20140812,267500.0,5,3.5,2390,6600,2.0,0,0,5,7,2390,0,47.3737,-122.115,37
1161,20140819,1750000.0,4,3.25,3460,7749,2.0,0,1,3,10,3020,440,47.6849,-122.273,16
1162,20140813,435000.0,6,3.5,2400,8620,2.0,0,0,3,8,1640,760,47.7152,-122.162,27
1163,20140905,482500.0,6,4.5,2940,7500,1.5,0,0,4,8,2940,0,47.7208,-122.182,48
1164,20141020,5110800.0,5,5.25,8010,45517,2.0,1,4,3,12,5990,2020,47.6767,-122.211,15
1165,20140828,439995.0,3,1.75,1570,8400,1.0,0,0,4,7,1570,0,47.76,-122.34,55
1166,20150508,460000.0,3,3.0,1520,7500,1.0,0,0,3,7,1180,340,47.7276,-122.181,48
1167,20140729,194000.0,3,1.0,1070,6440,1.0,0,0,4,7,1070,0,47.3186,-122.37299999999999,43
1168,20141009,290000.0,2,0.75,440,8313,1.0,1,3,4,5,440,0,47.4339,-122.512,71
1169,20140715,274700.0,4,2.0,2440,9600,1.0,0,0,5,7,1220,1220,47.4142,-122.179,51
1170,20150317,900000.0,4,2.5,2660,3672,2.0,0,0,5,8,1800,860,47.6609,-122.324,105
1171,20140507,1150000.0,4,4.0,4460,103382,2.0,0,0,3,11,4460,0,47.63399999999999,-121.99700000000001,13
1172,20140903,605000.0,3,2.5,2010,3667,2.0,0,0,3,9,2010,0,47.545,-122.015,6
1173,20150309,359000.0,3,2.5,1450,3850,2.0,0,0,3,7,1450,0,47.5318,-121.85,11
1174,20141008,850000.0,3,1.75,1400,9900,1.0,0,0,3,7,1400,0,47.6272,-122.209,63
1175,20140821,505000.0,3,2.0,1500,2500,2.0,0,0,3,8,1500,0,47.6748,-122.385,12
1176,20140709,565000.0,3,2.5,2500,7394,2.0,0,0,3,9,2500,0,47.7441,-122.17299999999999,24
1177,20150429,585000.0,2,1.75,1280,7110,1.0,0,0,4,7,1000,280,47.5569,-122.273,60
1178,20150430,328000.0,4,3.25,3380,7500,2.0,0,3,3,7,2420,960,47.4092,-122.33,25
1179,20140709,749950.0,4,2.75,2910,18700,1.0,0,0,3,9,2210,700,47.7557,-122.368,19
1180,20140626,826000.0,4,2.5,3060,7140,2.0,0,0,3,9,3060,0,47.5393,-121.99799999999999,8
1181,20140904,535000.0,3,1.0,1330,40259,1.0,0,0,4,7,1330,0,47.552,-121.89,37
1182,20140806,925000.0,4,2.5,3300,101930,2.0,0,0,4,10,3300,0,47.576,-121.976,23
1183,20140605,875000.0,3,3.5,3250,6000,2.0,0,0,3,10,2500,750,47.5533,-122.391,13
1184,20140523,902000.0,4,2.25,2530,9200,1.0,0,0,5,9,1570,960,47.5612,-122.152,38
1185,20141001,423000.0,3,1.0,1830,13900,1.0,0,0,3,7,1830,0,47.7654,-122.352,63
1186,20140623,235000.0,3,1.0,1170,11100,1.0,0,0,4,6,1170,0,47.4954,-122.164,46
1187,20140710,545000.0,2,2.0,2930,14057,1.0,0,2,4,8,1680,1250,47.4025,-122.463,34
1188,20141016,343000.0,2,1.0,1230,7560,1.0,0,0,3,7,1230,0,47.7298,-122.34,53
1189,20150324,334950.0,3,2.5,1620,2930,2.0,0,0,3,8,1620,0,47.4491,-122.12,13
1190,20140909,405000.0,3,1.75,1760,5355,1.0,0,0,3,7,1160,600,47.5368,-122.26700000000001,58
1191,20141215,220000.0,4,1.0,1440,8250,1.0,0,0,3,7,1440,0,47.4325,-122.291,55
1192,20141002,173000.0,2,1.0,1740,8100,1.0,0,0,3,6,1050,690,47.4942,-122.304,67
1193,20141107,655000.0,3,1.0,1270,3600,1.5,0,0,3,7,1270,0,47.6368,-122.37,108
1194,20150107,406000.0,2,1.0,880,3000,1.0,0,0,3,6,880,0,47.6749,-122.323,91
1195,20141217,632000.0,6,2.5,2560,8320,1.0,0,0,3,7,1370,1190,47.7021,-122.287,53
1196,20141126,357000.0,5,2.75,1540,4000,1.0,0,0,3,7,1140,400,47.533,-122.354,24
1197,20141209,361000.0,3,1.75,1150,17585,1.0,0,0,3,7,1150,0,47.6503,-121.90799999999999,50
1198,20140708,277000.0,2,1.0,770,8149,1.0,0,0,3,6,770,0,47.7458,-122.29799999999999,66
1199,20140605,630000.0,4,3.75,4610,40202,1.0,0,0,4,10,2500,2110,47.4599,-122.0,34
1200,20140509,254000.0,3,2.5,1850,4597,2.0,0,0,3,8,1850,0,47.3755,-122.13600000000001,11
1201,20141113,472800.0,3,2.25,1840,8400,1.0,0,0,3,8,1290,550,47.5497,-122.17200000000001,53
1202,20140922,263000.0,3,1.75,1490,3800,1.0,0,0,3,6,700,790,47.5554,-122.27,101
1203,20150504,510000.0,3,1.75,1490,3800,1.0,0,0,3,6,700,790,47.5554,-122.27,102
1204,20141107,179950.0,3,1.0,960,10125,1.0,0,0,4,7,960,0,47.3335,-122.305,62
1205,20141203,525000.0,4,2.25,1580,7307,1.0,0,0,3,8,1160,420,47.568999999999996,-122.086,41
1206,20140520,479000.0,3,2.5,1260,889,3.0,0,0,3,8,1260,0,47.6277,-122.345,6
1207,20140904,651000.0,3,2.0,1940,6440,1.0,0,2,5,7,970,970,47.5664,-122.389,74
1208,20140911,949000.0,4,1.75,2490,7834,1.0,0,3,4,8,1240,1250,47.6851,-122.209,56
1209,20150421,392400.0,5,2.5,2520,27951,1.5,0,0,3,7,1890,630,47.7733,-122.318,45
1210,20141105,585000.0,4,1.75,1760,5356,1.0,0,0,4,7,920,840,47.678999999999995,-122.288,64
1211,20141212,460000.0,4,2.5,4190,7504,2.0,0,0,3,7,4190,0,47.4394,-122.11399999999999,10
1212,20140813,470000.0,3,1.0,1170,4400,1.0,0,0,3,7,870,300,47.6584,-122.391,63
1213,20150406,245000.0,3,2.5,1600,4271,2.0,0,0,3,7,1600,0,47.386,-122.036,12
1214,20141125,500000.0,4,2.0,2760,27631,2.0,0,0,4,8,1800,960,47.7484,-122.291,36
1215,20141113,455000.0,3,2.5,2090,8653,2.0,0,0,3,8,2090,0,47.7498,-122.184,25
1216,20150408,485500.0,4,2.5,2320,3974,2.0,0,0,3,7,2320,0,47.532,-121.88,16
1217,20141222,1875000.0,5,3.25,4110,7920,2.0,0,3,3,9,3150,960,47.617,-122.28200000000001,93
